@ARTICLE{LekkerVroeg,
   author = {G. J. Vroege and H. N. W. Lekkerkerker},
   title = {},
   journal = {J. Phys. Chem. },
   year = 1993,
   volume =97,
   pages = 3601,
}
@ARTICLE{macmillan,
   author = {W. G. MacMillan and J. E. Mayer},
   title = {},
   journal = {J. Chem. Phys. },
   year = 1945,
   volume =13,
   pages = 276,
}
@ARTICLE{Parsons,
   author = {J. D. Parsons},
   title = {},
   journal = {Phys. Rev. A},
   year = 1979,
   volume =19,
   pages = 1225,
}
@ARTICLE{lasher,
   author = {G. Lasher},
   title = {},
   journal = {J. Chem. Phys.},
   year = 1970,
   volume =53,
   pages = 4141,
}
@ARTICLE{evansDFT,
   author = {R. Evans},
   title = {},
   journal = {Adv. Phys.},
   year = 1979,
   volume =28,
   pages = 143,
}
@ARTICLE{lowenDFT,
   author = {H. L\"{o}wen},
   title = {},
   journal = {Phys. Rep.},
   year = 1994,
   volume =237,
   pages = 249,
}
@ARTICLE{ramakrishnan,
   author = {T. V. Ramakrishnan and M. Yussouf},
   title = {},
   journal = {Phys. Rev. B},
   year = 1979,
   volume = 19,
   pages = 2775,
}
@ARTICLE{ramakrishnan77,
   author = {T. V. Ramakrishnan and M. Yussouf},
   title = {},
   journal= {Solid State Commun.},
   year = 1977,
   volume = 21,
   pages = 389,
}
@ARTICLE{FrenkelLiqcryst,
   author = {D. Frenkel},
   title = {},
   journal = {Liq. Cryst.},
   year = 1989,
   volume =5,
   pages = 929,
}
@ARTICLE{straley,
   author = {J. P. Straley},
   title = {},
   journal = {J. Chem. Phys.},
   year = 1972,
   volume = 57,
   pages = 3694,
}
@ARTICLE{shundyakROM,
   author = {K. Shundyak and R. van Roij},
   title = {},
   journal = {Phys. Rev. E},
   year = 2004,
   volume =69,
   pages = 041703,
}
@ARTICLE{,
   author = {},
   title = {},
   journal = {},
   year = ,
   volume =,
   pages = ,
}
@ARTICLE{,
   author = {},
   title = {},
   journal = {},
   year = ,
   volume =,
   pages = ,
}
@ARTICLE{vankampen,
   author = {N. G. van Kampen},
   title = {},
   journal = {Physica},
   year = 1961,
   volume =27,
   pages = 783,
}
@ARTICLE{carnahanstarling,
   author = {N. F. Carnahan and K. E. Starling},
   title = {},
   journal = {J. Chem. Phys.},
   year = 1969,
   volume =51,
   pages = 635,
}
@ARTICLE{Lee87,
   author = {S. D. Lee},
   title = {},
   journal = {J. Chem. Phys.},
   year = 1987,
   volume = 87,
   pages = 4972,
 }
@ARTICLE{Lee89,
   author = {S. D. Lee},
   title = {},
   journal = {J. Chem. Phys.},
   year = 1989,
   volume = 89,
   pages = 7036,
}
@ARTICLE{FrenkelJPC88,
   author = {D. Frenkel},
   title = {},
   journal = {J. Phys. Chem.},
   year =1988 ,
   volume =92,
   pages = 3280,
}
@BOOK{abram,
  author = {M. Abramowitz and I. A. Stegun},
  year = 1973,
  title= {Handbook of mathematical functions},
  booktitle = {Handbook of mathematical functions},
  publisher = {Dover},
  address = {New York}
}
@BOOK{hansenmacdonald,
  author = {J. -P. Hansen and I. R. McDonald},
  year = 1986,
  title = {Theory of Simple Liquids},
  booktitle = {Theory of Simple Liquids},
  publisher = {Academic Press},
  address = {London}
}
@INCOLLECTION{Cotter,
  author = {M. A. Cotter},
  title = {{\em Hard particle theories of nematics}},
  booktitle = {The molecular physics of liquid crystals},
  editor = {G. R. Luckhurst and G. W. Gray},
  publisher = {Academic Press},
  address = {New York, 1979 }
}
@INCOLLECTION{vroeglekkerstatphys,
  author = {H. N. W. Lekkerkerker and G. J. Vroege},
  title = {{\em Phase transitions in colloidal dispersions}},
  booktitle = {Fundamental problems in statistical mechanics VIII},
  editor = {H. van Beijeren and M. H. Ernst},
  publisher = {Elsevier},
  address = {1994}
}
@BOOK{Hill,
  author = {T. L. Hill},
  year = 1956,
  title = {Statistical mechanics},
  booktitle = {Statistical Mechanics},
  publisher = {McGraw-Hill},
  address = {New York}
}
@BOOK{callen,
  author = {H. B. Callen},
  year = 1985,
  title = {Thermodynamics and an Introduction to Thermostatistics},
  booktitle = {Thermodynamics and an Introduction to Thermostatistics},
  publisher = {John-Wiley and Sons Inc.},
  address = {New York}
}
@BOOK{dehoff,
  author = {R. T. DeHoff},
  year = 1993,
  title = {{Thermodynamics in Material Science}},
  booktitle = {},
  publisher = {McGraw Hill},
  address = {New York}
}
@ARTICLE{Cotterspt,
   author = {M. A. Cotter and D. E. Martire},
   title = {},
   journal = {J. Chem. Phys.},
   year = 1970,
   volume = 53,
   pages = 4500,
}
@ARTICLE{kooijbeeklekker,
   author = {F. M. van der Kooij and D. van der Beek and H. N. W. Lekkerkerker},
   title = {},
   journal = {J. Phys. Chem. B},
   year = 2001,
   volume = 105,
   pages = 1696,
}
@ARTICLE{kooijprive,
   author = {F. M. van der Kooij},
   title = {},
   journal = {personal communication},
   year = ,
   volume =,
   pages = ,
}
@ARTICLE{OdijkLekkerkerker,
   author = {T. Odijk and H. N. W. Lekkerkerker},
   title = {},
   journal = {J. Phys. Chem.},
   year = 1985,
   volume =89,
   pages =2090,
}
@ARTICLE{CampAllen,
   author = {P. J. Camp and M. P. Allen},
   title = {},
   journal = {Physica A},
   year =1996,
   volume =229,
   pages =410,
}
@BOOK{ryshik&gradstein,
  author = {I. S.  Gradshteyn and I. M. Ryzhik},
  year = 1994,
  title = {{Table of Integrals, Series and Products}},
  booktitle = {Table of Integrals, Series and Products},
  publisher = {Academic Press},
  address = {San Diego}
}
@ARTICLE{hemmer1999,
   author = {P. C. Hemmer},
   title = {},
   journal = {J. Stat. Phys.},
   year = 2000,
   volume =100,
   pages =3,
}
@ARTICLE{birshtein,
   author = {T. M. Birshtein and B. I. Kolegov and V. A. Pryamitsin},
   title = {},
   journal = {Polym. Sci. U.S.S.R.},
   year = 1988,
   volume =30,
   pages = 316,
}
@BOOK{byrd&friedman ,
  author = {P. F. Byrd and M. D. Friedman},
  year = 1954,
  title = {{Handbook of Elliptic Integrals for Engineers and Physicists}},
  booktitle = {Handbook of Elliptic Integrals for Engineers and Physicists},
  publisher = {Springer Verlag},
  address = {Berlin}
}
@ARTICLE{Bartlettbinary,
   author = {P. Bartlett and R. H. Ottewill and P. N. Pusey},
   title = {},
   journal = {J. Chem. Phys.},
   year = 1990,
   volume =93,
   pages = 1299,
}
@ARTICLE{BartlettBHS,
   author = {P. Bartlett},
   title = {},
   journal = {J. Phys.: Condens. Matter},
   year = 1990,
   volume =2,
   pages = 4979,
}
@ARTICLE{vanderkooijrodplatemixtures,
   author = {F. M. van der Kooij and H.N.W. Lekkerkerker},
   title = {},
   journal = {Langmuir},
   year = 2000,
   volume =16,
   pages = 10144,
}
@ARTICLE{Frenkelsoft,
   author = {D. Frenkel},
   title = {},
   journal = {Physica A},
   year =2002,
   volume =313,
   pages =1,
}
@ARTICLE{Frenkel87,
   author = {D. Frenkel},
   title = {},
   journal = {J. Phys. Chem.},
   year =1987,
   volume =91,
   pages =4912,
}
@ARTICLE{Frenkel87err,
   author = {D. Frenkel},
   title = {},
   journal = {J. Phys. Chem.},
   year =1988,
   volume =92,
   pages =5314,
}
@ARTICLE{SaupeRP,
   author = {A. Saupe and P. Boonbrahm and L. J. Yu},
   title = {},
   journal = {J. Chim. Phys.},
   year = 1983,
   volume =80,
   pages = 7,
}
@ARTICLE{clarkecuestasear,
   author = {N. Clarke and J. A. Cuesta and R. P. Sear and P. Sollich and A. Speranza },
   title = {},
   journal = {J. Chem. Phys.},
   year = 2000,
   volume =113,
   pages = 5817,
}
@ARTICLE{wensinkbidikte,
   author = {H. H. Wensink and G. J. Vroege and H. N. W. Lekkerkerker },
   title = {},
   journal = {J. Phys. Chem. B},
   year =2001,
   volume =105,
   pages =10610 ,
}
@ARTICLE{wensinkrodplate,
   author = {H. H. Wensink and G. J. Vroege and H. N. W. Lekkerkerker },
   title = {},
   journal = {J. Chem. Phys.},
   year = 2001,
   volume =115,
   pages =7319,
}
@ARTICLE{cuestaspino,
   author = {J. A. Cuesta},
   title = {},
   journal = {Europhys. Lett.},
   year = 1999,
   volume =46,
   pages = 197,
}
@ARTICLE{tjiptomargo,
   author = {B. Tjipto-Margo and G. T. Evans},
   title = {},
   journal = {J. Chem. Phys.},
   year = 1990,
   volume = 93,
   pages = 4254,
}
@ARTICLE{campallenkofke ,
   author = {P. J. Camp and C. P. Mason and M. P. Allen and A. A. Khare and D. A. Kofke},
   title = {},
   journal = {J. Chem. Phys. },
   year = 1996,
   volume =105,
   pages = 2837,
}
@ARTICLE{mcgrother,
   author = {S. C. McGrother and D. C. Williamson and G. Jackson},
   title = {},
   journal = {J. Chem. Phys.},
   year = 1995,
   volume =104,
   pages = 6755,
}
@ARTICLE{barboy,
   author = {B. Barboy and W. M. Gelbart},
   title = {},
   journal = {J. Chem. Phys.},
   year = 1979,
   volume =71,
   pages = 3053,
}
@ARTICLE{unpublished,
   author = {H. H. Wensink and G. J. Vroege},
   title = {},
   journal = {unpublished results},
   year = ,
   volume =,
   pages = ,
}
@ARTICLE{sollichoverview,
   author = {P. Sollich},
   title = {},
   journal = {J. Phys.; Condens. Matter},
   year = 2002,
   volume =14,
   pages = 79,
}
@ARTICLE{zwanzig,
   author = {R. Zwanzig},
   title = {},	
   journal = {J. Chem. Phys.},
   year = 1963,
   volume =39,
   pages = 1714,
}
@ARTICLE{sollichwarrenmomenttheory,
   author = {P. Sollich and P. B. Warren and M. E. Cates},
   title = {},
   journal = {Adv. Chem. Phys.},
   year = 2001,
   volume =116,
   pages = 265,
}
@ARTICLE{kayser,
   author = {R. F. Kayser and H. J. Raveche},
   title = {},
   journal = {Phys. Rev. A},
   year = 1978,
   volume =17,
   pages = 2067,
}
@ARTICLE{lakatos,
   author = {K. Lakatos},
   title = {},
   journal = {J. Stat. Phys.},
   year = 1970,
   volume =2,
   pages = 121,
}
@ARTICLE{herzfeldgrid,
   author = {J. Herzfeld and A. E. Berger and J. W. Wingate},
   title = {},
   journal = {Macromolecules},
   year = 1984,
   volume =17,
   pages = 1718,
}
@ARTICLE{wensinkpolydikte,
   author = {H. H. Wensink and G. J. Vroege},
   title = {},
   journal = {Phys. Rev. E},
   year = 2002,
   volume = 65,
   pages = 031716,
}
@ARTICLE{wensinkbiaxial,
   author = {H. H. Wensink and G. J. Vroege and H. N. W. Lekkerkerker},
   title = {},
   journal = {Phys. Rev. E},
   year = 2002,
   volume = 66,
   pages = 041704,
}
@ARTICLE{jacksonbiax,
   author = {S. Varga and A. Galindo and G. Jackson},
   title = {},
   journal = {Phys. Rev. E},
   year = 2002,
   volume =66,
   pages = 011707,
}
@ARTICLE{galindo1,
   author = {A. Galindo and G. Jackson and D. J.  Photinos},
   title = {},
   journal = {Chem. Phys. Lett.},
   year = 2000,
   volume =325,
   pages = 631,
}
@ARTICLE{galindo2,
   author = {A. Galindo and A. J. Haslam and S. Varga and G. Jackson and A. G. Vanakaras and D. J. Photinos and D. A. Dunmur},
   title = {},
   journal = {J. Chem. Phys.},
   year = 2003,
   volume =119,
   pages = 5216,
}
@ARTICLE{sollichonsagerP2,
   author = {A. Speranza and P. Sollich},
   title = {},
   journal = {J. Chem. Phys.},
   year = 2002,
   volume =117,
   pages = 5421, 
}
@ARTICLE{zhang2,
   author = {S. D. Zhang and P. A. Reynolds and J. S.  van Duijneveldt},
   title = {},
   journal = {J. Chem. Phys.},
   year = 2002,
   volume = 117,
   pages = 9947,
}
@ARTICLE{zhang1,
   author = {S. D. Zhang and J. S.  van Duijneveldt and P. A. Reynolds},
   title = {},  
   journal = {Mol. Phys.},
   year = 2002,
   volume =100,
   pages = 3041,
}
@BOOK{Schaefer,
   author = {L. Schaefer},
   title = {Excluded Volume Effects in Polymer Solutions},
   year = 1999,
   publisher= {Springer-Verlag},
   address= {Heidelberg},
}
@ARTICLE{aartstuinier,
   author = {D. G. A. L. Aarts and R. Tuinier and H. N. W. Lekkerkerker},
   title = {},
   journal = {J. Phys.: Condens. Matter},
   year = 2002,
   volume =14,
   pages = 7551,
}
@ARTICLE{reiss,
   author = {H. Reiss and H. L. Frisch and J. L. Lebowitz},
   title = {},
   journal = {J. Chem. Phys.},
   year = 1959,
   volume =31,
   pages = 369,
}
@ARTICLE{lebowitz,
   author = {J. L. Lebowitz and E. Helfand and E. Praestgaard},
   title = {},
   journal = {J. Chem. Phys.},
   year = 1965,
   volume =43,
   pages = 774,
}
@ARTICLE{sluckin,
   author = {T. J. Sluckin},
   title = {},
   journal = {Liq. Cryst.},
   year = 1989,
   volume =1,
   pages = 111,
}
@ARTICLE{sollichonsagerP2fattail,
   author = {A. Speranza and P. Sollich},
   title = {},
   journal = {J. Chem. Phys.},
   year = 2003,
   volume =118,
   pages = 5213,
}
@ARTICLE{sollichonsagerexact,
   author = {A. Speranza and P. Sollich},
   title = {},
   journal = {Phys. Rev. E},
   year = 2003,
   volume =061702,
   pages = ,
}
@ARTICLE{odijkLC,
   author = {T.  Odijk},
   title = {},
   journal = {Liq. Cryst.},
   year = 1986,
   volume =1,
   pages = 97,
}
@ARTICLE{vanroijmulderscaling,
   author = {R. van Roij and B. M. Mulder},
   title = {},
   journal = {Europhys. Lett.},
   year = 1996,
   volume = 34,
   pages = 201,
}
@ARTICLE{chen,
   author = {Z. Y. Chen},
   title = {},
   journal = {Phys. Rev. E},
   year = 1994,
   volume =50,
   pages = 2849	,
}
@ARTICLE{LekkerVroegtridisperse,
   author = {G. J. Vroege and H. N. W. Lekkerkerker},
   title = {},
   journal = {Colloids Surf., A},
   year = 1997,
   volume = 130,
   pages = 405,
}
@ARTICLE{mulderparallelNS,
   author = {B. M. Mulder},
   title = {},
   journal = {Phys. Rev. A},
   year = 1987,
   volume = 35,
   pages = 3095,
}
@ARTICLE{mulderbifur,
   author = {B. M. Mulder},
   title = {},
   journal = {Phys. Rev. A},
   year = 1987,
   volume = 39,
   pages = 360,
}
@ARTICLE{poni1992,
   author = {A. Poniewierski},
   title = {},
   journal = {Phys. Rev. A},
   year = 1992,
   volume =45,
   pages = 5605,
}
@ARTICLE{poni1990,
   author = {A. Poniewierski and R. Holyst},
   title = {},
   journal = {Phys. Rev. A},
   year = 1990,
   volume = 41,
   pages = 6871,
}
@ARTICLE{poni1988,
   author = {A. Poniewierski and R. Holyst},
   title = {},
   journal = {Phys. Rev. Lett.},
   year = 1988,
   volume = 61,
   pages = 2461,
}
@ARTICLE{poni1991,
   author = {A. Poniewierski and T. J. Sluckin},
   title = {},
   journal = {Phys. Rev. A},
   year = 1991,
   volume = 43,
   pages = 6837,
}
@ARTICLE{allenstructurefactor,
   author = {M. P. Allen and C. P. Mason and E. de Miguel and J. Stelzer},
   title = {},
   journal = {Phys. Rev. E},
   year = 1995,
   volume = 52,
   pages = 25,
}
@ARTICLE{holyst1990,
   author = {R. Holyst and A. Poniewierski},
   title = {},
   journal = {Mol. Phys.},
   year = 1990,
   volume = 71,
   pages = 561,
}
@ARTICLE{HongXu,
   author = {H. Xu},
   title = {},
   journal = {Mol. Phys.},
   year = 1992,
   volume = 77,
   pages = 311,
}
@ARTICLE{somozatarazona,
   author = {A. M. Somoza and P. Tarazona},
   title = {},
   journal = {Phys. Rev. A},
   year = 1990,
   volume = 41,
   pages = 965,
}
@ARTICLE{cuichen,
   author = {S-M Cui and Z. Y. Chen},
   title = {},
   journal = {Phys. Rev. E},
   year = 1994,
   volume = 50,
   pages = 3747,
}
@ARTICLE{polsonfrenkel,
   author = {J. M. Polson and D. Frenkel},
   title = {},
   journal = {Phys. Rev. E},
   year = 1997,
   volume = 56,
   pages = 6260,
}
@ARTICLE{annebohle,
   author = {A. M. Bohle and R. Holyst and T. Vilgis},
   title = {},
   journal = {Phys. Rev. Lett.},
   year = 1996,
   volume = 76,
   pages = 1396,
}
@ARTICLE{xulekkerkerker,
   author = {H. Xu and H. N. W. Lekkerkerker and M. Baus},
   title = {},
   journal = {Europhys. Lett.},
   year = 1992,
   volume = 17,
   pages = 163,
}
@ARTICLE{bauscryst,
   author = {M. Baus},
   title = {},
   journal = {Mol. Phys.},
   year = 1983,
   volume = 50,
   pages = 543,
}
@ARTICLE{wensinkpolyrods,
   author = {H. H. Wensink and G. J. Vroege},
   title = {},
   journal = {J. Chem. Phys.},
   year = 2003,
   volume =119,
   pages = 6868,
}
@ARTICLE{vargaszalaiNN,
   author = {S. Varga and I. Szalai},
   title = {},
   journal = {Phys. Chem. Chem. Phys.},
   year = 2000,
   volume =2,
   pages = 1955,
}
@ARTICLE{jacksonbiaxrev,
   author = {S. Varga and A. Galindo and G. Jackson},
   title = {},
   journal = {J. Chem. Phys.},
   year = 2002,
   volume =117,
   pages = 10412,
}
@ARTICLE{bibenhansen,
   author = {T. Biben and J. P. Hansen},
   title = {},
   journal = {Phys. Rev. Lett.},
   year = 1991,
   volume =66,
   pages = 2215,
}
@ARTICLE{bibenhansenbarrat,
   author = {T. Biben and J. P. Hansen and J.-L Barrat},
   title = {},
   journal = {J. Chem. Phys.},
   year = 1993,
   volume =98,
   pages = 7330,
}
@ARTICLE{piazza,
   author = {R. Piazza and T. Bellini and V. Degiorgio},
   title = {},
   journal = {Phys. Rev. Lett.},
   year = 1993,
   volume =71,
   pages = 4167,
}
@ARTICLE{baulinkhokhlov,
   author = {V. A. Baulin and A. R. Khokhlov},
   title = {},
   journal = {Phys. Rev. E},
   year = 1999,
   volume =60,
   pages = 2973,
}
@ARTICLE{vargamolphys,
   author = {S. Varga and A. Galindo and G. Jackson},
   title = {},
   journal = {Mol. Phys.},
   year = 2003,
   volume =101,
   pages = 817,
}
@ARTICLE{henkosmotic,
   author = {H. N. W. Lekkerkerker},
   title = {},
   journal = {J. Colloid Interface Sci.},
   year = 1990,
   volume = 51,
   pages = 419,
}	
@ARTICLE{gastrussel,
   author = {A. P. Gast and W. B. Russel and C. K. Hall},
   title = {},
   journal = {J. Colloid Interface Sci.},
   year = 1986,
   volume =109,
   pages = 161,
}
@ARTICLE{vincentedwards,
   author = {B. Vincent and J. Edwards and S. Emmet and R. D. Groot},
   title = {},
   journal = {Colloids Surf. },
   year = 1988,
   volume =31,
   pages =267,
}
@ARTICLE{ratoncuesta,
   author = {Y. Martinez-Raton and J. A. Cuesta},
   title = {},
   journal = {J. Chem. Phys.},
   year = 2003,
   volume =118,
   pages = 10164,
}
@ARTICLE{Bolhuisintracing,
   author = {P. Bolhuis and D. Frenkel},
   title = {},
   journal = {J. Chem. Phys.},
   year = 1997,
   volume =106,
   pages = 666,
}
@ARTICLE{DFTspecialJPCM,
   author = {H. L\"{o}wen and others},
   title = {{\em Special issue on density functional theory of liquids}},
   journal = {J. Phys; Condens. Matt.},
   year = 2002,
   volume = 14,
   pages = 11897,
}
@ARTICLE{tonks,
   author = {L. Tonks},
   title = {},
   journal = {Phys. Rev.},
   year = 1936,
   volume =50,
   pages = 955,
}
@ARTICLE{kirkwoodfreevol,
   author = {J. G. Kirkwood},
   title = {},
   journal = {J. Chem. Phys.},
   year = 1950,
   volume =18,
   pages = 380,
}
@ARTICLE{eyring,
   author = {H. Eyring and J. Hirschfelder},
   title = {},
   journal = {J. Phys. Chem.},
   year = 1937,
   volume =41,
   pages = 249,
}
@ARTICLE{taylor,
   author = {M. P. Taylor and R. Hentschke and J. Herzfeld},
   title = {},
   journal = {Phys. Rev. Lett.},
   year = 1989,
   volume =62,
   pages = 800,
}
@ARTICLE{hentschke,
   author = {R. Hentschke and M. P. Taylor and J. Herzfeld},
   title = {},
   journal = {Phys. Rev. A},
   year = 1989,
   volume =40,
   pages = 1678,
}
@ARTICLE{aldercoop,
   author = {B. J. Alder and W. G. Hoover and T. E. Wainwright},
   title = {},
   journal = {Phys. Rev. Lett.},
   year = 1963,
   volume =11,
   pages = 241,
}
@ARTICLE{salzburg,
   author = {Z. W. Salzburg and W. W. Wood},
   title = {},
   journal = {J. Chem. Phys.},
   year = 1962,
   volume =37,
   pages = 798,
}
@ARTICLE{aldersimul,
   author = {B. J. Alder and W. G. Hoover and D. A. Young},
   title = {},
   journal = {J. Chem. Phys.},
   year = 1968,
   volume = 49,
   pages = 3688,
}
@ARTICLE{wood,
   author = {W. W. Wood},
   title = {},
   journal = {J. Chem. Phys.},
   year = 1952,
   volume =20,
   pages = 1334,
}
@ARTICLE{lennardjones,
   author = {J. E. Lennard-Jones and A. F. Devonshire},
   title = {},
   journal = {Proc. Roy. Soc. (London)},
   year = 1937,
   volume =A163,
   pages = 53,
}
@ARTICLE{velikov,
   author = {K. P. Velikov and T. van Dillen and A. Polman and A. van Blaaderen},
   title = {},
   journal = {Appl. Phys. Lett.},
   year = 2002,
   volume = 81,
   pages = 838,
}
@ARTICLE{colvin,
   author = {V. L. Colvin},
   title = {},
   journal = {MRS Bull.},
   year = 2001,
   volume =26,
   pages = 637,
}
@ARTICLE{,
   author = {},
   title = {},
   journal = {},
   year = ,
   volume =,
   pages = ,
}
@ARTICLE{,
   author = {},
   title = {},
   journal = {},
   year = ,
   volume =,
   pages = ,
}
@ARTICLE{,
   author = {},
   title = {},
   journal = {},
   year = ,
   volume =,
   pages = ,
}
@ARTICLE{,
   author = {},
   title = {},
   journal = {},
   year = ,
   volume =,
   pages = ,
}
@ARTICLE{,
   author = {},
   title = {},
   journal = {},
   year = ,
   volume =,
   pages = ,
}
@ARTICLE{,
   author = {},
   title = {},
   journal = {},
   year = ,
   volume =,
   pages = ,
}
@ARTICLE{,
   author = {},
   title = {},
   journal = {},
   year = ,
   volume =,
   pages = ,
}
@ARTICLE{,
   author = {},
   title = {},
   journal = {},
   year = ,
   volume =,
   pages = ,
}
@ARTICLE{,
   author = {},
   title = {},
   journal = {},
   year = ,
   volume =,
   pages = ,
}
@ARTICLE{,
   author = {},
   title = {},
   journal = {},
   year = ,
   volume =,
   pages = ,
}
@ARTICLE{,
   author = {},
   title = {},
   journal = {},
   year = ,
   volume =,
   pages = ,
}
@ARTICLE{,
   author = {},
   title = {},
   journal = {},
   year = ,
   volume =,
   pages = ,
}
@ARTICLE{,
   author = {},
   title = {},
   journal = {},
   year = ,
   volume =,
   pages = ,
}
@ARTICLE{,
   author = {},
   title = {},
   journal = {},
   year = ,
   volume =,
   pages = ,
}
@ARTICLE{,
   author = {},
   title = {},
   journal = {},
   year = ,
   volume =,
   pages = ,
}
@ARTICLE{,
   author = {},
   title = {},
   journal = {},
   year = ,
   volume =,
   pages = ,
}
@ARTICLE{,
   author = {},
   title = {},
   journal = {},
   year = ,
   volume =,
   pages = ,
}
@ARTICLE{,
   author = {},
   title = {},
   journal = {},
   year = ,
   volume =,
   pages = ,
}
@ARTICLE{,
   author = {},
   title = {},
   journal = {},
   year = ,
   volume =,
   pages = ,
}
@ARTICLE{,
   author = {},
   title = {},
   journal = {},
   year = ,
   volume =,
   pages = ,
}
@ARTICLE{,
   author = {},
   title = {},
   journal = {},
   year = ,
   volume =,
   pages = ,
}
@ARTICLE{,
   author = {},
   title = {},
   journal = {},
   year = ,
   volume =,
   pages = ,
}
@ARTICLE{,
   author = {},
   title = {},
   journal = {},
   year = ,
   volume =,
   pages = ,
}
@ARTICLE{,
   author = {},
   title = {},
   journal = {},
   year = ,
   volume =,
   pages = ,
}
@ARTICLE{,
   author = {},
   title = {},
   journal = {},
   year = ,
   volume =,
   pages = ,
}
@ARTICLE{,
   author = {},
   title = {},
   journal = {},
   year = ,
   volume =,
   pages = ,
}
@ARTICLE{,
   author = {},
   title = {},
   journal = {},
   year = ,
   volume =,
   pages = ,
}
@ARTICLE{,
   author = {},
   title = {},
   journal = {},
   year = ,
   volume =,
   pages = ,
}
@ARTICLE{,
   author = {},
   title = {},
   journal = {},
   year = ,
   volume =,
   pages = ,
}
@ARTICLE{,
   author = {},
   title = {},
   journal = {},
   year = ,
   volume =,
   pages = ,
}
@ARTICLE{,
   author = {},
   title = {},
   journal = {},
   year = ,
   volume =,
   pages = ,
}
@ARTICLE{,
   author = {},
   title = {},
   journal = {},
   year = ,
   volume =,
   pages = ,
}
@ARTICLE{,
   author = {},
   title = {},
   journal = {},
   year = ,
   volume =,
   pages = ,
}
@ARTICLE{,
   author = {},
   title = {},
   journal = {},
   year = ,
   volume =,
   pages = ,
}
@ARTICLE{,
   author = {},
   title = {},
   journal = {},
   year = ,
   volume =,
   pages = ,
}
@ARTICLE{,
   author = {},
   title = {},
   journal = {},
   year = ,
   volume =,
   pages = ,
}
@ARTICLE{,
   author = {},
   title = {},
   journal = {},
   year = ,
   volume =,
   pages = ,
}
@ARTICLE{,
   author = {},
   title = {},
   journal = {},
   year = ,
   volume =,
   pages = ,
}
@ARTICLE{,
   author = {},
   title = {},
   journal = {},
   year = ,
   volume =,
   pages = ,
}
@ARTICLE{,
   author = {},
   title = {},
   journal = {},
   year = ,
   volume =,
   pages = ,
}
@ARTICLE{,
   author = {},
   title = {},
   journal = {},
   year = ,
   volume =,
   pages = ,
}
@ARTICLE{,
   author = {},
   title = {},
   journal = {},
   year = ,
   volume =,
   pages = ,
}
@ARTICLE{,
   author = {},
   title = {},
   journal = {},
   year = ,
   volume =,
   pages = ,
}
@ARTICLE{,
   author = {},
   title = {},
   journal = {},
   year = ,
   volume =,
   pages = ,
}
@ARTICLE{,
   author = {},
   title = {},
   journal = {},
   year = ,
   volume =,
   pages = ,
}
@ARTICLE{,
   author = {},
   title = {},
   journal = {},
   year = ,
   volume =,
   pages = ,
}
@ARTICLE{,
   author = {},
   title = {},
   journal = {},
   year = ,
   volume =,
   pages = ,
}
@ARTICLE{,
   author = {},
   title = {},
   journal = {},
   year = ,
   volume =,
   pages = ,
}
@ARTICLE{,
   author = {},
   title = {},
   journal = {},
   year = ,
   volume =,
   pages = ,
}
@ARTICLE{,
   author = {},
   title = {},
   journal = {},
   year = ,
   volume =,
   pages = ,
}
@ARTICLE{,
   author = {},
   title = {},
   journal = {},
   year = ,
   volume =,
   pages = ,
}
@ARTICLE{,
   author = {},
   title = {},
   journal = {},
   year = ,
   volume =,
   pages = ,
}
@ARTICLE{,
   author = {},
   title = {},
   journal = {},
   year = ,
   volume =,
   pages = ,
}
@ARTICLE{,
   author = {},
   title = {},
   journal = {},
   year = ,
   volume =,
   pages = ,
}
@ARTICLE{,
   author = {},
   title = {},
   journal = {},
   year = ,
   volume =,
   pages = ,
}
@ARTICLE{,
   author = {},
   title = {},
   journal = {},
   year = ,
   volume =,
   pages = ,
}
@ARTICLE{,
   author = {},
   title = {},
   journal = {},
   year = ,
   volume =,
   pages = ,
}
@ARTICLE{,
   author = {},
   title = {},
   journal = {},
   year = ,
   volume =,
   pages = ,
}
@ARTICLE{,
   author = {},
   title = {},
   journal = {},
   year = ,
   volume =,
   pages = ,
}
@ARTICLE{deHoog,
   author = {E. H. A. de Hoog and H. N. W. Lekkerkerker and J. Schulz and G. H. Findenegg},
   title = {},
   journal = {J. Phys. Chem. B},
   year = 1999,
   volume = 103,
   pages = 10657,
}
@ARTICLE{Blanco00,
   author = {A. Blanco and E. Chomski and S. Grabtchak and M. Ibisate and S. John and S. W. Leonard and C. Lopez and F. Meseguer and H. Miquez and J. P. Mondia and G. A. Ozin and O. Toader and H. M. van Driel},
   title = {},
   journal = {Nature},
   year = 2000,
   volume = 405,
   pages = 437,
}
@ARTICLE{SmitsPIB,
   author = {C. Smits and W. J. Briels and J. K. G. Dhont and H. N. W. Lekkerkerker},
   title = {},
   journal = {Progr. Colloid. Polym. Sci.},
   year = 1989,
   volume = 79,
   pages = 287,
}
@ARTICLE{vanBruggenPIB,
   author = {M. P. B. van Bruggen and J. K. G. Dhont and H. N. W. Lekkerkerker},
   title = {},
   journal = {Macromolecules},
   year = 1999,
   volume = 32,
   pages = 2256,
}
@ARTICLE{gyratie-diameter,
   author = {H. de Hek and A. Vrij},
   journal = {J. Colloid Interface Sci.},
   year = 1981,
   volume = 84,
   pages = 409,
}
@ARTICLE{Fahreus,
   author = {R. Fahreus},
   title = {},
   journal = {Acta. Med. Scand.},
   year = 1921,
   volume = 55,
   pages = 1,
}
@ARTICLE{Bibette,
   author = {J. Bibette},
   title = {},
   journal = {J. Colloid Interface Sci.},
   year = 1991,
   volume = 147,
   pages = 474,
}
@ARTICLE{CreamingLatex,
   author = {C. F. Vester},
   journal = {Kolloid-Z.},
   year = 1938,
   volume = 84,
   pages = 63,
}
@ARTICLE{Cohen,
   author = {S. S. Cohen},
   title = {},
   journal = {J. Biol. Chem.},
   year = 1942,
   volume = 144,
   pages = 353,
}
@ARTICLE{Poon,
   author = {W. C. K. Poon},
   title = {},
   journal = {Curr. Opin. Colloid Interface Sci.},
   year = 1998,
   volume = 3,
   pages = 593,
}
@ARTICLE{Poon00,
   author = {W. C. K. Poon and F. Renth and R. M. L. Evans},
   title = {},
   journal = {J. Phys.: Condens. Matter},
   year = 2000,
   volume = 12,
   pages = A269,
}
@ARTICLE{Illet,
   author = {S. M. Illet and A. Orrock and W. C. K. Poon and P. N. Pusey},
   journal = {Phys. Rev. E},
   year = 1995,
   volume = 51,
   pages = 1344,
}
@ARTICLE{Faers,
   author = {M. A. Faers and P. F. Luckham},
   title = {},
   journal = {Langmuir},
   year = 1997,
   volume = 15,
   pages = 2922,
}
@ARTICLE{Boehmite+PDMS,
   author = {J. Buitenhuis and L. N. Donselaar and P. A. Buining and A. Stroobants and H. N. W. Lekkerkerker},
   title = {},
   journal = {J. Colloid Interface Sci.},
   year = 1995,
   volume = 175,
   pages = 46,
}
@ARTICLE{Fradensmectic,
   author = {M. Adams and Z. Dogic and S. L. Keller and S. Fraden},
   title = {},
   journal = {Nature},
   year = 1998,
   volume = 393,
   pages = 349,
}
@ARTICLE{Dogic97,
   author = {Z. Dogic and S. Fraden},
   title = {},
   journal = {Phys. Rev. Lett.},
   year = 1997,
   volume = 78,
   pages = 2417-2420,
}
@ARTICLE{DNAchol,
   author = {C. Robinson},
   title = {},
   journal = {Tetrahedron},
   year = 1961,
   volume = 13,
   pages = 219,
}
@ARTICLE{DNAcol,
   author = {F. Livolant and A. M. Levelut and J. Doucet and J. P. Benoit},
   title = {},
   journal = {Nature},
   year = 1989,
   volume = 339,
   pages = 724,
}
@ARTICLE{Teflonrod,
   author = {T. Folda and H. Hoffmann and H. Chanzy and P. Smith},
   title = {},
   journal = {Nature},
   year = 1988,
   volume = 333,
   pages = 55,
}
@ARTICLE{FeOOH,
   author = {Y. Maeda and S. Hachisu},
   title = {},
   journal = {Colloids and surfaces},
   year = 1983,
   volume = 7,
   pages = 357,
}
@ARTICLE{Pelletier,
   author = {O. Pelletier and P. Davidson and C. Bourgaux and J. Livage},
   title = {},
   journal = {Europhys. Lett.},
   year = 1999,
   volume = 48,
   pages = 53,
}
@ARTICLE{microcellulose,
   author = {X. -M. Dong and T. Kimura and J. -F. Revol and D. G. Gray},
   title = {},
   journal = {Langmuir},
   year = 1996,
   volume = 12,
   pages = 2076,
}
@ARTICLE{TMV+depl,
   author = {M. Adams and S. Fraden},
   title = {},
   journal = {Biophys. J.},
   year = 1998,
   volume = 74,
   pages = 669,
}
@ARTICLE{Fraden85,
   author = {S. Fraden and A. J. Hurd and R. B. Meyer and M. Cahoon and D. L. D. Caspar},
   title = {},
   journal = {J. Physique},
   year = 1985,
   volume = 46,
   pages = C3-85,
}
@ARTICLE{fradenmaret,
   author = {S. Fraden and G. Maret and D. L. D. Caspar},
   title = {},
   journal = {Phys. Rev. E},
   year = 1993,
   volume = 48,
   pages = 2816,
}
@ARTICLE{Kreibig,
   author = {U. Kreibig and C. Wetter},
   title = {},
   journal = {Z. Naturforsch.},
   year = 1980,
   volume = 35,
   pages = 750,
}

@ARTICLE{Morvan94,
   author = {M. Morvan and D. Espinat and R. Vascon and J. Lambard and Th. Zemb},
   title = {},
   journal = {Langmuir},
   year = 1994,
   volume = 10,
   pages = 2566,
}
@ARTICLE{Morvan,
   author = {M. Morvan and D. Espinat and J. Lambard and Th. Zemb},
   title = {},
   journal = {Colloids Surf. A},
   year = 1994,
   volume = 82,
   pages = 193,
}
@ARTICLE{Norrish,
   author = {K. Norrish},
   title = {},
   journal = {Disc. Faraday Soc.},
   year = 1954,
   volume = 18,
   pages = 120,
}
@ARTICLE{Ramsay90,
   author = {J. D. F. Ramsay and S. W. Swanton and J.  Bunce},
   title = {},
   journal = {J. Chem. Soc. Faraday Trans.},
   year = 1990,
   volume = 86,
   pages = 3919,
}
@ARTICLE{Ramsay93,
   author = {J. D. F. Ramsay and P. Lindner},
   title = {},
   journal = {J. Chem. Soc. Faraday Trans.},
   year = 1993,
   volume = 89,
   pages = 4207,
}
@BOOK{vanOlphen,
   author = {H. van Olphen},
   title = {},
   publisher= {Wiley and Sons},
   address= {New York},
   year = 1963,
   pages = ,
}
@ARTICLE{kleistructuur,
   author = {S. L. Swartzen-Allen and E. Matijevic},
   title = {},
   journal = {Chemical Reviews},
   year = 1974,
   volume = 74,
   pages = 385,
}
@ARTICLE{Lekkerkerker_rod_pol,
   author = {H. N. W. Lekkerkerker and A. Stroobants},
   title = {},
   journal = {Nuovo Cimento D},
   year = 1994,
   volume = 16,
   pages = 949,
}
@ARTICLE{sim:staaf+pol,
   author = {P. G. Bolhuis and A. Stroobants and D. Frenkel and H. N. W. },
   title = {},
   journal = {J. Chem. Phys.},
   year = 1997,
   volume = 5,
   pages = 1551,
}
@ARTICLE{calc:clay+pol,
   author = {V. V. Ginzburg and A. C. Balazs},
   title = {},
   journal = {Macromolecules},
   year = 1999,
   volume = 32,
   pages = 5681,
}
@ARTICLE{Vroege&Lekkerkerker,
   author = {G. J. Vroege and H. N. W. Lekkerkerker},
   title = {},
   journal = {J. Phys. Chem.},
   year = 1993,
   volume = 97,
   pages = 3601,
}
@ARTICLE{Frenkel85,
   author = {D. Frenkel and B. M. Mulder},
   title = {},
   journal = {Mol. Phys.},
   year = 1985,
   volume = 55,
   pages = 1171,
}
@ARTICLE{Bolhuis97,
   author = {P. Bolhuis and D. Frenkel},
   title = {},
   journal = {J. Chem. Phys.},
   year = 1997,
   volume = 106,
   pages = 666,
}
@ARTICLE{Vroege92,
   author = {G. J. Vroege and H. N. W. Lekkerkerker},
   title = {},
   journal = {Rep. Prog. Phys.},
   year = 1992,
   volume = 55,
   pages = 1241,
}
@ARTICLE{Lekkerkerker84,
   author = {H. N. W. Lekkerkerker and Ph. Coulon and R. van der Hagen and R. Deblieck},
   title = {},
   journal = {J. Chem. Phys.},
   year = 1984,
   volume = 80,
   pages = 3427,
}
@ARTICLE{Sear,
   author = {R. Sear and G. Jackson},
   title = {},
   journal = {J. Chem. Phys.},
   year = 1995,
   volume = 103,
   pages = 8684,
}
@ARTICLE{Hemmer,
   author = {P. C. Hemmer},
   title = {},
   journal = {Mol. Phys.},
   year = 1999,
   volume = 96,
   pages = 1153,
}
@ARTICLE{vanRoij98,
   author = {R. van Roij and B. Mulder and M. Dijkstra},
   title = {},
   journal = {Physica A},
   year = 1998,
   volume = 261,
   pages = 374,
}
@ARTICLE{vanRoij96,
   author = {R. van Roij and B. Mulder},
   title = {},
   journal = {Phys. Rev. E},
   year = 1996,
   volume = 54,
   pages = 6430,
}
@ARTICLE{vanRoij96/2,
   author = {R. van Roij and B. Mulder},
   title = {},
   journal = {J. Chem. Phys.},
   year = 1996,
   volume = 105,
   pages = 11237,
}
@ARTICLE{vanRoij97,
   author = {M. Dijkstra and R. van Roij},
   title = {},
   journal = {Phys. Rev. E},
   year = 1997,
   volume = 56,
   pages = 5594,
}
@ARTICLE{Itou,
   author = {T. Itou and A. Teramoto},
   title = {},
   journal = {Macromolecules},
   year = 1984,
   volume = 17,
   pages = 1419,
}
@ARTICLE{Kajiwara,
   author = {K. Kajiwara and N. Donkai and Y. Hiragi and H. Inagaki},
   title = {},
   journal = {Makromol. Chem.},
   year = 1986,
   volume = 187,
   pages = 2883,
}
@ARTICLE{donkai93,
   author = {N. Donkai and K. Kajiwara and M. Schmidt and T. Miyamoto},
   title = {},
   journal = {Makromol. Chem.},
   year = 1993,
   volume = 14,
   pages = 611,
}
@ARTICLE{Frenkel88,
   author = {D. Frenkel and H. N. W. Lekkerkerker and A. Stroobants},
   title = {},
   journal = {Nature},
   year = 1988,
   volume = 332,
   pages = 822,
}
@ARTICLE{Batestermsmec,
   author = {M. A. Bates and D. Frenkel},
   title = {},
   journal = {J. Chem. Phys.},
   year = 1998,
   volume = 109,
   pages = 6193,
}
@BOOK{Pusey91,
   author = {P. N. Pusey},
   title = {in Les Houches, session LI, Liquids, Freezing and Glass Transitions},
   publisher= {North-Holland},
   editor= {J. P. Hansen and D. Jevesque and J. Zinn-Justin},
   address= {Amsterdam},
   year = 1991,
   pages = 802,
}
@ARTICLE{Pusey87,
   author = {P. N. Pusey},
   title = {},
   journal = {J. Phys. (Paris)},
   year = 1987,
   volume = 48,
   pages = 709-712,
}
@ARTICLE{Barrat,
   author = {J. L. Barrat and J. P. Hansen},
   title = {},
   journal = {J. Phys. (Paris)},
   year = 1986,
   volume = 46,
   pages = 1547,
}
@ARTICLE{McRae,
   author = {R. McRae and A. D. J. Haymet},
   title = {},
   journal = {J. Chem. Phys.},
   year = 1988,
   volume = 88,
   pages = 1114,
}
@ARTICLE{Dickinson,
   author = {E. Dickinson and R. Parker},
   title = {},
   journal = {J. Phys. (France) Lett.},
   year = 1985,
   volume = 46,
   pages = L229,
}
@ARTICLE{Bolhuis96,
   author = {P. G. Bolhuis and D. A. Kofke},
   title = {},
   journal = {Phys. Rev. E},
   year = 1996,
   volume = 54,
   pages = 634,
}
@ARTICLE{Kofke99,
   author = {D. A. Kofke and P. G. Bolhuis},
   title = {},
   journal = {Phys. Rev. E},
   year = 1999,
   volume = 59,
   pages = 618,
}
@ARTICLE{Henderson,
   author = {S. I. Henderson and T. C. Mortensen and S. M. Underwood and W. van Megen},
   title = {},
   journal = {Physica A},
   year = 1996,
   volume = 233,
   pages = 102,
}

@ARTICLE{Soga,
   author = {G. Soga and J. R. Melrose and R. C. Ball},
   title = {},
   journal = {J. Chem. Phys.},
   year = 1999,
   volume = 110,
   pages = 2280,
}
@ARTICLE{tenWolde,
   author = {P. R. ten Wolde and D. Frenkel},
   title = {},
   journal = {Science},
   year = 1997,
   volume = 277,
   pages = 1975,
}
@ARTICLE{vanBlaaderen,
   author = {A. van Blaaderen},
   title = {},
   journal = {MRS bulletin},
   year = 1998,
   volume = 23,
   pages = 39,
}
@ARTICLE{vanWijnhoven,
   author = {J. E. G. van Wijnhoven and W. L. Vos},
   title = {},
   journal = {Science},
   year = 1998,
   volume = 281,
   pages = 802,
}

@ARTICLE{Mourchid,
   author = {A. Mourchid and A. Delville and J. Lambard and E. Lecolier and P. Levitz},
   title = {},
   journal = {Langmuir},
   year = 1995,
   volume = 11,
   pages = 1942,
}
@ARTICLE{Gabrieloverzicht,
   author = {J. C. P. Gabriel and P. Davidson},
   title = {} ,
   journal = {Top. Curr. Chem.},
   year = 2003,
   volume = 226,
   pages = 119,
}
@ARTICLE{Gabriel,
   author = {J. C. P. Gabriel and C. Sanchez and P. Davidson},
   title = {},
   journal = {J. Phys. Chem.},
   year = 1996,
   volume = 100,
   pages = 11139,
}
@PHDThesis{Yamaguchi,
   author = {Y. Yamaguchi},
   title = {},
    year = 1997,
   school = {Bayreuth University},
   pages = ,
}
@ARTICLE{Veerman,
   author = {J. A. C. Veerman and D. Frenkel},
   title = {},
   journal = {Phys. Rev. A},
   year = 1992,
   volume = 45,
   pages = 5632,
}
@ARTICLE{Dijkstra,
   author = {M. Dijkstra and J. P. Hansen and P. A. Madden},
   title = {},
   journal = {Phys. Rev. E},
   year = 1996,
   volume = 55,
   pages = 3044,
}
@ARTICLE{Callaghan,
   author = {I. C. Callaghan and R. H. Ottewil},
   title = {},
   journal = {Faraday Discuss. Chem. Soc.},
   year = 1974,
   volume = 57,
   pages = 110,
}
@ARTICLE{Bates.poly,
   author = {M. A. Bates and D. Frenkel},
   title = {},
   journal = {J. Chem. Phys.},
   year = 1999,
   volume = 110,
   pages = 6553-6559,
}
@ARTICLE{Bates.shape,
   author = {M. A. Bates},
   title = {},
   journal = {J. Chem. Phys.},
   year = 1999,
   volume = 111,
   pages = 1732-1736,
}
@ARTICLE{Batesthindisks,
   author = {M. A. Bates and D. Frenkel},
   title = {},
   journal = {Phys. Rev. E},
   year = 1998,
   volume = 57,
   pages = 4824,
}
@BOOK{Svedberg,
   author = {T. Svedberg and K. O. Pedersen},
   title = {Die Ultracentrifuge}
   publisher ={Theodor Steinkopff},
   address= {Dresden}, 
   year = 1940,
}
@BOOK{Gennespolymers,
   author = {P. G. de Gennes},
   title = {},
   publisher ={Cornell University Press},
   address= {Ithaca, NY}, 
   year = 1979,
}
@ARTICLE{vanderSchoot99,
   author = {P. van der Schoot},
   title = {},
   journal = {J. Phys. Chem. B},
   year = 1999,
   volume = 103,
   pages = 8804,
}
@ARTICLE{Pusey82,
   author = {P. N. Pusey and H. M. Fijnaut and A. Vrij},
   title = {},
   journal = {J. Chem. Phys.},
   year = 1982,
   volume = 77,
   pages = 4270,
}
@ARTICLE{Buining93,
   author = {P. A. Buining and H. N. W. Lekkerkerker},
   title = {},
   journal = {J. Phys. Chem.},
   year = 1993,
   volume = 97,
   pages = 11510,
}
@ARTICLE{Dogic,
   author = {Z. Dogic and S. Fraden and J. K. G. Dhont},
   title = {},
   journal = {In preparation},
} 
@ARTICLE{Szamel,
   author = {G. Szamel},
   title = {},
   journal = {Phys. Rev. Lett.},
   year = 1993,
   volume = 70,
   pages = 3744,
}  
@ARTICLE{Brenner,
   author = {H. Brenner},
   title = {},
   journal = {J. Multiphase flow},
   year = 1974,
   volume = 1,
   pages = 195,
}
@ARTICLE{Boek,
   author = {E. S. Boek and P. V. Coveney and H. N. W. Lekkerkerker and P. Van der Schoot},
   title = {},
   journal = {Phys. Rev. E},
   year = 1997,
   volume = 55,
   pages = 3124,
}
@ARTICLE{deKeizer,
   author = {A. de Keizer and W. P. T. van der Drift and J. Th. G. Overbeek},
   title = {},
   journal = {Biophys. Chem.},
   year = 1975,
   volume = 3,
   pages = 107,
}
@ARTICLE{Batchelor,
   author = {G. K. Batchelor and J. T. Green},
   title = {},
   journal = {J. Fluid Mech.},
   year = 1972,
   volume = 56,
   pages = 401,
}
@ARTICLE{Kuhn&Kuhn,
   author = {W. Kuhn and H. Kuhn},
   title = {},
   journal = {Helv. Chim. Acta},
   year = 1945,
   volume = 28,
   pages = 97,
}
@ARTICLE{Scheraga,
   author = {H. A. Scheraga},
   title = {},
   journal = {J. Chem. Phys.},
   year = 1955,
   volume = 23,
   pages = 1526,
}
@ARTICLE{Batchelordiff,
   author = {G. K. Batchelor},
   title = {},
   journal = {J. Fluid Mech.},
   year = 1976,
   volume = 74,
   pages = 1,
}
@ARTICLE{Jansen,
   author = {J. W. Jansen and C. G. de Kruif and A. Vrij},
   title = {},
   journal = {J. Colloid Interface Sci.},
   year = 1986,
   volume = 114,
   pages = 501,
}
@BOOK{Guinier,
   author = {A. Guinier and G. Fournet},
   title = {},
   publisher= {John Wiley and Sons},
   address= {New York},
   year = 1955,
}
@BOOK{GuinierXray,
   author = {A. Guinier},
   title = {X-ray Diffraction in Crystals, Imperfect Crystals, and Amorphous Bodies},
   publisher= {Dover},
   address= {New York},
   year = 1994,
   pages = 169,
}
@BOOK{Dhont,
   author = {J. K. G. Dhont},
   title = {An Introduction to the Dynamics of Colloids},
   publisher= {Elsevier},
   address= {Amsterdam},
   year = 1996,
}
@BOOK{Pusey,
   author = {P. N. Pusey},
   title = {Dynamic Light Scattering: Applications of Photon Correlation Spectroscopy},
   publisher = {Plenum},
   address= {New York},   
   year = 1985,
}
@PHDTHESIS{Smits,
   author = {C. Smits},
   title = {Crystallization in concentrated colloidal dispersions},
   year = 1991,
   school = {Utrecht University},
   pages = 117,
}
@PHDTHESIS{ThesisvanBruggen,
   author = {M. P. B. van Bruggen},
   title = {Liquid crystal formation and diffusion in dispersions of colloidal rods},
   school = {Utrecht University},
   year = 1998,
   pages = 139,
}
@ARTICLE{rod-polymer,
   author = {H. N. W. Lekkerkerker and A. Stroobants},
   title = {},
   journal = {Il Nuovo Cimento},
   year = 1994,
   volume = 16,
   pages = 949,
}
@ARTICLE{sphere+polymer,
   author = {H. N. W. Lekkerkerker and W. C. K. Poon and P. N. Pusey and A. Stroobants and P. B. Warren},
   journal = {Europhys Lett.},
   year = 1992,
   volume = 20,
   pages = 559,
}
@ARTICLE{Poon99,
   author = {W. C. K. Poon and F. Renth and R. M. L. Evans and D. J. Fairhurst and M. E. Cates and P. N. Pusey},
   title = {},
   journal = {Phys. Rev. Lett.},
   year = 1999,
   volume = 83,
   pages = 1239,
}
@ARTICLE{Philipse,
   author = {A. P. Philipse and A. M. Nechifor and C. Patmamanoharan},
   title = {},
   journal = {Langmuir},
   year = 1994,
   volume = 10,
   pages = 4451-4458,
}
@ARTICLE{Wierenga,
   author = {A. Wierenga and T. A. J. Lenstra and A. P. Philipse},
   title = {},
   journal = {Colloids Surfaces A},
   year = 1998,
   volume = 134,
   pages = 359,
}
@ARTICLE{Wierenga2,
   author = {A. Wierenga and A. P. Philipse},
   title = {},
   journal = {J. Colloid Interface Sci.},
   year = 1996,
   volume = 180,
   pages = 360,
}
@ARTICLE{Buitenhuis,
   author = {J. Buitenhuis and L. N. Donselaar and P. A. Buining and A. Stroobants and H. N. W. Lekkerkerker},
   title = {},
   journal = {J. Colloid Interface Sci.},
   year = 1995,
   volume = 175,
   pages = 46,
}
@ARTICLE{vanderKooij2,
   author = {F. M. van der Kooij and E. S. Boek and A. P. Philipse},
   title = {},
   journal = {submitted to J. Colloid Interface Sci.},
   year = 2000,
   volume = ,
   pages = ,
}
@ARTICLE{vanderKooijplaatstaaf,
   author = {F. M. van der Kooij and H. N. W. Lekkerkerker},
   title = {},
   journal = {Phys. Rev. Lett.},
   year = 2000,
   volume = 84,
   pages = 781-784,
}
@ARTICLE{vanderKooijplaatstaaf2,
   author = {F. M. van der Kooij and H. N. W. Lekkerkerker},
   title = {},
   journal = {Langmuir},
   year = 2000,
   volume = 16,
   pages =10144,
}
@ARTICLE{vanderKooijplaatpol,
   author = {F. M. van der Kooij and M. Vogel and H. N. W. Lekkerkerker},
   journal = {Phys. Rev. E},
   year = 2000,
   volume = 62,
   pages = 5397,	
}
@ARTICLE{Goldberg,
   author = {R. J. Goldberg},
   title = {},
   journal = {J. Phys. Chem.},
   year = 1953,
   volume = 57,
   pages = 194,
}
@ARTICLE{Kroon,
   author = {M. Kroon and W. L. Vos and G. H. Wegdam},
   title = {},
   journal = {Phys. Rev. E},
   year = 19,
   volume = 57,
   pages = 1962,
}
@ARTICLE{Kasperski,
   author = {K. L. Kasperski and C. T. Hepler and G. Hepler},
   title = {},
   journal = {Can. J. Chem.},
   year = 1986,
   volume = 64,
   pages = 1919,
}
@BOOK{Gitzen,
   author = {W. H. Gitzen},
   title = {},
   year = 1970,
   publisher= {The American Ceramic Society},
   address= {Columbus},
}
@BOOK{Berne,
   author = {B. J. Berne and R. Pecora},
   title = {},
   year = 1976,
   publisher= {Wiley & Sons},
   address= {New York},
}
@ARTICLE{Alben,
   author = {R. Alben},
   title = {},
   journal = {J. Chem. Phys.},
   year = 1973,
   volume = 59,
   pages = 4299,
}
@ARTICLE{Bernal,
   author = {J. D. Bernal and I. Fankuchen},
   title = {},
   journal = {J. Gen. Physiol.},
   year = 1941,
   volume = 25,
   pages = 111-146,
}
@ARTICLE{Bernalnature,
   author = {J. D. Bernal and I. Fankuchen},
   title = {},
   journal = {Nature(London)},
   year = 1937,
   volume = 139,
   pages = 923,
}
@ARTICLE{Zocher,
   author = {H. Zocher},
   title = {},
   journal = {Z. Anorg. Allg. Chem.},
   year = 1925,
   volume = 147,
   pages = 91,
}
@ARTICLE{Bawden,
   author = {F. C. Bawden and N. W. Pirie and J. D. Bernal and I. Fankuchen },
   title = {},
   journal = {Nature},
   year = 1936,
   volume = 138,
   pages = 1051,
}
@ARTICLE{ZocherWO3,
   author = {H. Zocher and K. Jacobsohn},
   title = {},
   journal = {Kolloid-Beih.},
   year = 1929,
   volume = 28,
   pages = 115,
}
@ARTICLE{Langmuir,
   author = {I. Langmuir},
   title = {},
   journal = {J. Chem. Phys.},
   year = 1938,
   volume = 6,
   pages = 873,
}
@ARTICLE{Furusawa,
   author = {K. Furusawa and S. Hachisu},
   title = {},
   journal = {J. Colloid Int. Sci.},
   year = 1968,
   volume = 28,
   pages = 167,
}
@ARTICLE{Onsager,
   author = {L. Onsager},
   title = {},
   journal = {Ann. N.Y. Acad. Sci.},
   year = 1949,
   volume = 51,
   pages = 627-659,
}
@ARTICLE{Onsager32,
   author = {L. Onsager},
   title = {},
   journal = {Phys. Rev.},
   year = 1932,
   volume = 40,
   pages = 1028,
}
@ARTICLE{Onsager42,
   author = {L. Onsager},
   title = {},
   journal = {Phys. Rev.},
   year = 1942,
   volume = 62,
   pages = 558,
}
@ARTICLE{Forsyth77,
   author = {P. A. Forsyth and J. S. Marcelja and D. J. Mitchell and B. W. Ninham},
   title = {},
   journal = {J. Chem. Soc. Faraday Trans.},
   year = 1977,
   volume = 73,
   pages = 84,
}
@ARTICLE{Forsyth78,
   author = {P. A. Forsyth and J. S. Marcelja and D. J. Mitchell and B. W. Ninham},
   title = {},
   journal = {Adv. Coll. Int. Sci.},
   year = 1978,
   volume = 9,
   pages = 37,
}
@ARTICLE{Eppenga,
   author = {D. Frenkel and R. Eppenga},
   title = {},
   journal = {Phys. Rev. Lett.},
   year = 1982,
   volume = 49,
   pages = 1089-1092,
}
@ARTICLE{Rabin,
   author = {Y. Rabin and W. E. Mc Mullen and W. M. Gelbart},
   title = {},
   journal = {Mol. Cryst. Liq. Cryst.},
   year = 1982,
   volume = 89,
   pages = 67-98,
}
@ARTICLE{Stroobants,
   author = {A. Stroobants and H. N. W. Lekkerkerker},
   title = {},
   journal = {J. Phys. Chem.},
   year = 1984,
   volume = 88,
   pages = 3669,
}
@ARTICLE{Stroobantscolumnar,
   author = {A. Stroobants},
   title = {},
   journal = {Phys. Rev. Lett.},
   year = 1992,
   volume = 69,
   pages = 2388,
}
@ARTICLE{Yu,
   author = {L. J. Yu and A. Saupe},
   title = {},
   journal = {Phys. Rev. Lett.},
   year = 1980,
   volume = 45,
   pages = 1000,
}
@PHDTHESIS{felixthesis,
   author = {F. M. van der Kooij},
   title = {Phase behaviour and dynamics of suspensions of hard colloidal platelets},
   school = {Utrecht University},
   year = 2000,
}
@PHDTHESIS{vroijthesis,
   author = {R. van Roij},
   title = {Simple theories of complex fluids},
   school = {Utrecht University},
   year = 1996,
}
@ARTICLE{vanderKooij,
   author = {F. M. van der Kooij and H. N. W. Lekkerkerker},
   title = {},
   journal = {J. Phys. Chem. B},
   year = 1998,
   volume = 102,
   pages = 7829-7832,
}
@ARTICLE{Brown99,
   author = {A. B. D. Brown and C. Ferrero and T. Narayanan and A. R. Rennie},
   title = {},
   journal = {Eur. Phys. J. B},
   year = 1999,
   volume = 11,
   pages = 481-489,
}
@ARTICLE{Brown98,
   author = {A. B. D. Brown and S. M. Clarke and A. R. Rennie},
   title = {},
   journal = {Langmuir},
   year = 1998,
   volume = 14,
   pages = 3129-3132,
}
@ARTICLE{vanRoij,
   author = {R. van Roij and B. Mulder},
   title = {},
   journal = {J. Phys. (France) II},
   year = 1994,
   volume = 4,
   pages = 1763,
}
@ARTICLE{campallenbolhuisfrenkel,
   author = {P. J.  Camp and M. P. Allen and P. G. Bolhuis and D. Frenkel},
   title = {},
   journal = {J. Chem. Phys.},
   year = 1997,
   volume = 106,
   pages = 9270,
}
@ARTICLE{Henriques,
   author = {E. F. Henriques and V. B. Henriques},
   title = {},
   journal = {J. Chem. Phys.},
   year = 1997,
   volume = 107,
   pages = 8036,
}
@ARTICLE{Buiningwater,
   author = {P. A. Buining and C. Pathmamanoharan and J. B. H. Jansen and H. N. W. Lekkerkerker},
   title = {},
   journal = {J. Am. Ceram. Soc.},
   year = 1991,
   volume = 74,
   pages = 1303,
}
@ARTICLE{Buiningbeharing,
   author = {P. A. Buining and Y. S. J. Veldhuizen and C. Pathmamanoharan and H. N. W. Lekkerkerker},
   title = {},
   journal = {Colloids Surf.},
   year = 1992,
   volume = 64,
   pages = 47,
}
@ARTICLE{vanderKooij3,
   author = {F. M. van der Kooij and A. P. Philipse and J. K. G. Dhont},
   title = {},
   journal = {Langmuir},
   year = 2000,
   volume = {16},
   pages = {5317-5323},
}
@ARTICLE{vanderKooijcolumnair,
   author = {F. M. van der Kooij and K. Kassapidou and H. N. W. Lekkerkerker},
   title = {},
   journal = {Nature},
   year = 2000,
   volume = 406,
   pages = 868
},
}
@ARTICLE{vanBruggen,
   author = {M. P. B. van Bruggen and F. M. van der Kooij and H. N. W. Lekkerkerker},
   title = {},
   journal = {J. Phys.: Condens. Matter},
   year = 1996,
   volume = 8,
   pages = 9451,
}
@ARTICLE{vanBruggenattr,
   author = {M. P. B.  van Bruggen and H. N. W. Lekkerkerker},
   title = {},
   journal = {in preparation},
   year = ,
   volume = ,
   pages = ,
}
@ARTICLE{Chrzanowska,
   author = {A. Chrzanowska},
   title = {},
   journal = {Phys. Rev. E},
   year = 1998,
   volume = 58,
   pages = 3229,
}
@PHDTHESIS{Wierengathesis,
   author = {A. M. Wierenga},
   title = {Colloidal dispersions of inorganic rods and platelets},
   year = 1997,
   school = {Utrecht University},
}
@REPORT{Lean,
   author = {R. Lean and A. Fergus},
   title = {Interim Report Detailing the Development of Visplex III and the performance of DP97/013 versus Visplex II, PCF/RD/97.007},
   institution = {SCR},
   number = {},
   year = 1997,
}
@REPORT{Reid,
   author = {P. Reid and P. Way and D. Bradshaw},
   title = {An Investigation Of The Thermal Stability Of Visplex Drilling Fluids, SCR/SN/1997/XXX/FCP/C},
   institution = {SCR},
   number = {},
   year = 1997,
}
@REPORT{Hughes,
   author = {T. L. Hughes and C. M. Methven},
   title = {The Delayed Gelation System (DGS): a Review and an Evaluation of Methods to Improve Performance, SCR/SR/1995/019/WPC/C},
   institution = {SCR},
   number = {},
   year = 1995,
}
@Book{Guven,
   author = {N. Guven},
   title = {Clay-water interface and its rheological implications},
   publisher ={The clay minerals society},
   address= {Boulder}, 
   year = 1992,
}
@ARTICLE{Huggins,
   author = {M. L. Huggins},
   title = {},
   journal = {J. Am. Chem. Soc.},
   year = 1942,
   volume = 64,
   pages = 2716,
}
@ARTICLE{Hoogerbrugge,
   author = {P. J. Hoogerbrugge and J. M. V. A. Koelman},
   title = {},
   journal = {Europhys. Lett.},
   year = 1992,
   volume = 19,
   pages = 155,
}
@ARTICLE{Espanol,
   author = {P. Espanol and P. Warren},
   title = {},
   journal = {Europhys. Lett.},
   year = 1995,
   volume = 30,
   pages = 191,
}
@ARTICLE{deGroot,
   author = {R. D. Groot and P. B. Warren},
   title = {},
   journal = {J. Chem. Phys.},
   year = 1997,
   volume = 107,
   pages = 4423,
}
@ARTICLE{Cates,
   author = {S. Jury and P. Bladon and M. Cates and S. Krishna and M. Hagen and N. Ruddock and P. Warren},
   title = {},
   journal = {Phys. Chem. Chem. Phys},
   year = 1999,
   volume = 1,
   pages = 2051,
}
@ARTICLE{Manke,
   author = {Y. Kong and C. W. Manke and W. G. Madden and A. G. Schlijper},
   title = {},
   journal = {J. Chem. Phys.},
   year = 1997,
   volume = 107,
   pages = 592,
}
@ARTICLE{Coveney,
   author = {P. V. Coveney and K. E. Novik},
   title = {},
   journal = {Phys. Rev. E},
   year = 1996,
   volume = 54,
   pages = 5134,
}
@ARTICLE{Coverratum,
   author = {P. V. Coveney and K. E. Novik},
   title = {},
   journal = {erratum: Phys. Rev. E},
   year = 1997,
   volume = 55,
   pages = 4831,
}
@ARTICLE{Spenley,
   author = {J. L. Jones and M. Lal and N. Ruddock and N. A. Spenley},
   title = {},
   journal = {Faraday Discuss.},
   year = 1999,
   volume = 112,
   pages = 129,
}
@ARTICLE{Boek96,
   author = {E. S. Boek and P. V. Coveney and H. N. W. Lekkerkerker},
   title = {},
   journal = {J. Phys.: Condens. Matter},
   year = 1996,
   volume = 8,
   pages = 9509,
}
@ARTICLE{Gib,
   author = {J. B. Gibson and K. Chen and S. Chynoweth},
   title = {},
   journal = {J. Colloid Interface Sci.},
   year = 1998,
   volume = 206,
   pages = 464,
}
@ARTICLE{Boek98,
   author = {E. S. Boek and P. van der Schoot},
   title = {},
   journal = {Int. J. Mod. Phys. C},
   year = 1998,
   volume = 9,
   pages = 1307,
}
@ARTICLE{Berry&Russel,
   author = {D. H. Berry and W. B. Russel},
   title = {},
   journal = {J. Fluid Mech.},
   year = 1987,
   volume = 180,
   pages = 475,
}
@ARTICLE{BatchelorGreen,
   author = {G. K. Batchelor and J. T. Green},
   title = {},
   journal = {J. Fluid Mech.},
   year = 1972,
   volume = 56,
   pages = 401,
}
@ARTICLE{Batchelor77,
   author = {G. K. Batchelor},
   title = {},
   journal = {J. Fluid Mech.},
   year = 1977,
   volume =   83,
   pages = 97,
}
@ARTICLE{Pusey86,
   author = {P. N. Pusey and W. van Megen},
   title = {},
   journal = {Nature},
   year = 1986,
   volume = 320,
   pages = 340-342,
}
@ARTICLE{Kops,
   author = {M. M. Kops - Werkhoven and H. M. Fijnaut},
   title = {},
   journal = {J. Chem. Phys.},
   year = 1981,
   volume = 74,
   pages = 1618,
}
@ARTICLE{deKruif,
   author = {C. G. de Kruif and E. M. F. van Iersel and A. Vrij and W. B. Russel},
   title = {},
   journal = {J. Chem. Phys.},
   year = 1985,
   volume = 83,
   pages = 4717,
}
@ARTICLE{deKruif85,
   author = {C. G. de Kruif and P. W. Rouw and J. W. Jansen and A. Vrij},
   title = {},
   journal = {J. Phys.},
   year = 1985,
   volume = C3,
   pages = 295,
}
@ARTICLE{Kato,
   author = {E. Kato and M. Hirano},
   title = {},
   journal = {J. Am. Ceram. Soc.},
   year = 1995,
   volume = 78,
   pages = 2259,
}@ARTICLE{ABE89,
  author = {A. Abe and T. Yamazaki},
  year = 1989,
  title = {},
  journal = {Macromolecules},
  volume = 22,
  pages = {2145-2149}
}
@ARTICLE{ADAMS98,
	  author = {M. Adams and S. Fraden},
  year = 1998,
  title = {},
  journal = {Biophysical Journal},
  volume = 74,
  pages = {669-677}
}
@ARTICLE{ADAMS98_2,
  author = {M. Adams and Z. Dogic and S.L. Keller and S. Fraden},
  year = 1998,
  title = {},
  journal = {Nature},
  volume = 393,
  pages = 349
}
@ARTICLE{ALDER57,
  author = {B.J. Alder and T.E. Wainwright},
  year = 1957,
  title = {},
  journal = {J. Chem. Phys.},
  volume = 27,
  pages = {1208}
}
@ARTICLE{WOOD57,
  author = {W. W. Wood and J. D. Jacobson},
  year = 1957,
  title = {},
  journal = {J. Chem. Phys.},
  volume = 27,
  pages = {1207}
}
@ARTICLE{ALDER68,
  author = {B.J. Alder and W.G. Hoover and D.A. Young},
  year = 1968,
  title = {},
  journal = {J. Chem. Phys.},
  volume = 49,
  pages = 3688
}
@ARTICLE{HooverRee,
  author = {W. G. Hoover and F. H. Ree},
  year = 1968,
  title = {},
  journal = {J. Chem. Phys.},
  volume = 49,
  pages = 3609
}
@BOOK{ALLEN87,
  author = {M.P. Allen and D.J. Tildesley},
  year = 1987,
  title = {},
  booktitle = {Computer simulation of liquids},
  publisher = {Clarendon},
  address = {Oxford}
}
@ARTICLE{ANDERSEN76,
  author = {H.C. Andersen and D. Chandler and J.D. Weeks},
  year = 1976,
  title = {},
  journal = {Adv. Chem. Phys.},
  volume = 34,
  pages = {105-156}
}
@ARTICLE{ASAKURA54,
  author = {S. Asakura and F. Oosawa},
  year = 1954,
  journal = {J. Chem. Phys.},
  volume = 22,
  pages = {1255-1256}
}
@ARTICLE{ASAKURA58,
  author = {S. Asakura and F. Oosawa},
  year = 1958,
  journal = {J. Pol. Sci.},
  volume = 33,
  pages = {183-192}
}
}
@ARTICLE{Vrijdepletie,
  author = {A. Vrij},
  year = 1976,
  journal = {Pure Appl. Chem.},
  volume = 48,
  pages = 471
}
@ARTICLE{Vrijsediment,
  author = {A. Vrij},
  year = 1980,
  journal = {J. Chem. Phys.},
  volume = 72,
  pages =3735 
}
@ARTICLE{ASHCROFT93,
  author = {N.W. Ashcroft},
  year = 1993,
  journal = {Nature},
  volume = 365,
  pages = 387
}
@ARTICLE{ASHERIE96,
  author = {N. Asherie and A. Lomakin and G.B. Benedek},
  year = 1996,
  journal = {Phys. Rev. Lett.},
  volume = 77,
  pages = 4832
}
@ARTICLE{ATTARD97,
  author = {P. Attard},
  year = 1997,
  title = {},
  journal = {J. Chem. Phys.},
  volume = 107,
  number = 8,
  pages = {3230-3238}
}
@ARTICLE{AUVRAY81,
  author = {L. Auvray},
  year = 1981,
  title = {},
  journal = {J. Physique},
  volume = 42,
  pages = {79-95}
}
