
###############################
#         chapter-1
###############################

@article{honda1957mechanism,
  title={The mechanism of the earthquakes.},
  author={Honda, Hirokichi},
  journal={Sci. Rep., Tohoku Univ.},
  number={9},
  pages={1--46},
  year={1957}
}

@article{nakano1923notes,
  title={Notes on the nature of the forces which give to the earthquake motions. Seismol},
  author={Nakano, H},
  journal={Bull., CentralMeteorologicalObs., Japan},
  volume={1},
  number={92},
  pages={120},
  year={1923}
}


###############################
#         chapter-2
###############################



###############################
#         chapter-3
###############################

@article{cates87,
author = {Cates, M. E.},
title = {Reptation of living polymers: dynamics of entangled polymers in the presence of reversible chain-scission reactions},
journal = {Macromolecules},
volume = {20},
number = {9},
pages = {2289},
year = {1987},
}


@article{dijkstra1994,
Author = { M. Dijkstra  and D. Frenkel and J.-P. Hansen},
Journal = {J. Chem. Phys.},
Year = {1994},
Volume = {101},
Pages = {3179-3189},
}



@ARTICLE{vanRoij97,
   author = {M. Dijkstra and R. van Roij},
   title = {},
   journal = {Phys. Rev. E},
   year = 1997,
   volume = 56,
   pages = 5594,
}


@article{cates88,
author = {Cates, M. E.},
title = {Dynamics of living polymers and flexible surfactant micelles : scaling laws for dilution},
journal = {J. Phys. France},
volume = {49},
pages = {1593},
year = {1988},
}


@article{knowles2011,
Author = {Knowles, T. P. J. and Buehler, M. J.},
Title = {{Nanomechanics of functional and pathological amyloid materials}},
Journal = {{Nat. Nanotechnol.}},
Year = {{2011}},
Volume = {{6}},
Number = {{8}},
Pages = {{469}},
}




@Article{asdonk2017,
author ="van der Asdonk, Pim and Kouwer, Paul H. J.",
title  ="Liquid crystal templating as an approach to spatially and temporally organise soft matter",
journal  ="Chem. Soc. Rev.",
year  ="2017",
volume  ="46",
issue  ="19",
pages  ="5935",
}



@article{wong2000,
Author = {Wong, G. C. L. and Tang, J. X. and Lin, A. and Li, Y. L. and Janmey, P. A. and Safinya, C. R.},
Journal = {Science},
Year = {2000},
Volume = {288},
Pages = {2035},
}

@article{safinya2013,
Author = {Safinya, Cyrus R. and Deek, Joanna and Beck, Roy and Jones, Jayna B. and Leal, Cecilia and Ewert, Kai K. and Li, Youli},
Title = {{Liquid crystal assemblies in biologically inspired systems}},
Journal = {{Liq. Cryst. }},
Year = {{2013}},
Volume = {{40}},
Pages = {{1748}},
}

@article{ohern1998,
Author = {O'Hern, C. S. and Lubensky, T. C.},
Title = {{Sliding columnar phase of DNA lipid complexes}},
Journal = {{Phys. Rev.  Lett.}},
Year = {{1998}},
Volume = {{80}},
Number = {{19}},
Pages = {{4345}},
}

@article{gonzalez2017,
Author = {Gonz\'{a}lez Garc\'{i}a, \'{A}. and Wensink, H. H. and Lekkerkerker, H. N. W. and Tuinier, R.},
Title = {{Entropic patchiness drives multi-phase coexistence in discotic colloid-depletant mixtures}},
Journal = {{Sci. Rep.}},
Year = {{2017}},
Volume = {{7}},
Pages = {{17058}},
}

@ARTICLE{kooijprl2000,
   author = {F. M. van der Kooij and H. N. W. Lekkerkerker},
   title = {},
   journal = {Phys. Rev. Lett.},
   year = 2000,
   volume = 84,
   pages = 781,
}
@ARTICLE{kooijlangmuir2000,
   author = {F. M. van der Kooij and H. N. W. Lekkerkerker},
   title = {},
   journal = {Langmuir},
   year = 2000,
   volume = 16,
   pages =10144,
}

@ARTICLE{kooij1998,
   author = {F. M. van der Kooij and H. N. W. Lekkerkerker},
   title = {},
   journal = {J. Phys. Chem. B},
   year = 1998,
   volume = 102,
   pages = 7829,
}


@inbook{christidis2011,
author = {Christidis, G.E.},
year = {2011},
month = {08},
pages = {341â€“414},
title = {Industrial Clays},
volume = {9},
isbn = {9780903056281},
journal = {European Mineralogical Union Notes in Mineralogy},
doi = {10.1180/EMU-notes.9.9}
}

@article{michot2006,
Author = {Michot, Laurent J. and Bihannic, Isabelle and Maddi, Solange and Funari,
   Sergio S. and Baravian, Christophe and Levitz, Pierre and Davidson,
   Patrick},
Title = {{Liquid-crystalline aqueous clay suspensions}},
Journal = {{Proc. Natl. Acad. Sci. (USA)}},
Year = {{2006}},
Volume = {{103}},
Number = {{44}},
Pages = {{16101}},
}

@article{sokolova1997,
Author = {Sokolova, E and Vlasov, A},
Title = {{Orientational and thermodynamic properties of rod-plate mixtures}},
Journal = {{J. Phys. Condes. Matter}},
Year = {{1997}},
Volume = {{9}},
Pages = {{4089}},
}

@article{vanakaras1998,
Author = {Vanakaras, A. G. and McGrother, S. C. and Jackson, G. and Photinos, D.
   J.},
Title = {{Hydrogen-bonding and Phase Biaxiality in Nematic Rod-Plate Mixtures}},
Journal = {{Mol. Cryst. Liq. Cryst.}},
Year = {{1998}},
Volume = {{323}},
Pages = {{199}},
}


@ARTICLE{Bolhuis1996,
   author = {P. Bolhuis and D. Frenkel},
   title = {},
   journal = {J. Chem. Phys.},
   year = 1997,
   volume =106,
   pages = 666,
}


@ARTICLE{campallenbolhuisfrenkel,
   author = {P. J.  Camp and M. P. Allen and P. G. Bolhuis and D. Frenkel},
   title = {},
   journal = {J. Chem. Phys.},
   year = 1997,
   volume = 106,
   pages = 9270,
}

@ARTICLE{galindo1,
   author = {A. Galindo and G. Jackson and D. J.  Photinos},
   title = {},
   journal = {Chem. Phys. Lett.},
   year = 2000,
   volume =325,
   pages = 631,
}

@article{vanakaras2001,
Author = {Vanakaras, A. G. and Terzis, A. F. and Photinos, D. J.},
Title = {{On the molecular requirements for the stabilisation of thermotropic
   biaxial ordering in rod-plate nematics}},
Journal = {{Mol. Cryst. Liq. Cryst.}},
Year = {{2001}},
Volume = {{362}},
Pages = {{67}},
}


@ARTICLE{galindo2,
   author = {A. Galindo and A. J. Haslam and S. Varga and G. Jackson and A. G. Vanakaras and D. J. Photinos and D. A. Dunmur},
   title = {},
   journal = {J. Chem. Phys.},
   year = 2003,
   volume =119,
   pages = 5216,
}

@ARTICLE{alben1973,
   author = {R. Alben},
   title = {},
   journal = {J. Chem. Phys.},
   year = 1973,
   volume = 59,
   pages = 4299,
}



@article{matsuyama2010,
Author = {Matsuyama, Akihiko},
Title = {{Theory of binary mixtures of a rodlike polymer and a liquid crystal}},
Journal = {{J. Chem. Phys.}},
Year = {{2010}},
Volume = {{132}},
Pages = {{214902}},
}




@article{matsuyama1998,
Author = {Matsuyama, A and Kato, T},
Title = {{Interplay of phase separations and aggregations in solutions of rodlike  polymers}},
Journal = {{J. Phys. Soc. Jpn.}},
Year = {{1998}},
Volume = {{67}},
Number = {{1}},
Pages = {{204}},
}


@Article{         mundoor2018,
  author        = {Mundoor, H. and Park, S. and Senyuk, B. and Wensink, H. H. and Smalyukh, I. I.},
  title         = {},
  journal       = {Science},
  year          = 2018,
  volume        = 360,
  pages         = 768,
}




@article{ginzburg2000,
Author = {Ginzburg, V. V. and Singh, C. and Balazs, A. C.},
Title = {{Theoretical phase diagrams of polymer/clay composites: The role of
   grafted organic modifiers}},
Journal = {{Macromolecules}},
Year = {{2000}},
Volume = {{33}},
Number = {{3}},
Pages = {{1089}},
}



@article{balazs1998,
Author = {Lyatskaya, Y and Balazs, A. C.},
Title = {{Modeling the phase behavior of polymer-clay composites}},
Journal = {{Macromolecules}},
Year = {{1998}},
Volume = {{31}},
Number = {{19}},
Pages = {{6676}},
}


@article{matsuyama1996,
Author = {Matsuyama, A and Kato, T},
Title = {{Theory of binary mixtures of a flexible polymer and a liquid crystal}},
Journal = {{J. Chem. Phys.}},
Year = {{1996}},
Volume = {{105}},
Pages = {{1654}},
}


@article{reyes2019,
Author = {Reyes, Catherine G. and Baller, Jorg and Araki, Takeaki and Lagerwall,
   Jan P. F.},
Title = {{Isotropic-isotropic phase separation and spinodal decomposition in
   liquid crystal-solvent mixtures}},
Journal = {{Soft Matter}},
Year = {{2019}},
Volume = {{15}},
Number = {{30}},
Pages = {{6044}},

}


@article {avendano2016,
	author = {Avenda{\~n}o, C. and Jackson, G. and M{\"u}ller, E. A. and Escobedo, F. A.},
	title = {Assembly of porous smectic structures formed from interlocking high-symmetry planar nanorings},
	volume = {113},
	number = {35},
	pages = {9699},
	year = {2016},
		journal = {Proc. Natl. Acad. Sci. (USA)}
}


@article{wensinkavendano2016,
  title = {Empty smectic liquid crystals of hard nanorings: Insights from a second-virial theory},
  author = {Wensink, H. H. and Avenda\~no, C.},
  journal = {Phys. Rev. E},
  volume = {94},
  issue = {6},
  pages = {062704},
  year = {2016},
}



@article{matsuda2003,
Author = {Matsuda, H. and Koda, T. and Ikeda, S. and Kimura, H.},
Title = {{Examination of appearance of biaxial nematic phase for the rod-disc
   mixtures using symmetry breaking potential method}},
Journal = {{J. Phys. Soc. Jpn.}},
Year = {{2003}},
Volume = {{72}},
Number = {{9}},
Pages = {{2243}},
}





@article{peters_prl2020,
  title = {Defying the Gibbs Phase Rule: Evidence for an Entropy-Driven Quintuple Point in Colloid-Polymer Mixtures},
  author = {Peters, V. F. D. and Vis, M. and Garc\'{\i}a, \'A. Gonz\'alez and Wensink, H. H. and Tuinier, R.},
  journal = {Phys. Rev. Lett.},
  volume = {125},
  issue = {12},
  pages = {127803},
  year = {2020},
}



@ARTICLE{sollichonsagerP2,
   author = {A. Speranza and P. Sollich},
   title = {},
   journal = {J. Chem. Phys.},
   year = 2002,
   volume =117,
   pages = 5421, 
}


@ARTICLE{ASAKURA54,
  author = {S. Asakura and F. Oosawa},
  year = 1954,
  journal = {J. Chem. Phys.},
  volume = 22,
  pages = 1255,
}
@ARTICLE{ASAKURA58,
  author = {S. Asakura and F. Oosawa},
  year = 1958,
  journal = {J. Pol. Sci.},
  volume = 33,
  pages = 183,
}
@ARTICLE{Vrijdepletie,
  author = {A. Vrij},
  year = 1976,
  journal = {Pure Appl. Chem.},
  volume = 48,
  pages = 471,
}


@ARTICLE{lekkerkerker84,
   author = {H. N. W. Lekkerkerker and Ph. Coulon and R. van der Hagen and R. Deblieck},
   title = {},
   journal = {J. Chem. Phys.},
   year = 1984,
   volume = 80,
   pages = 3427,
}

@ARTICLE{lakatos,
   author = {K. Lakatos},
   title = {},
   journal = {J. Stat. Phys.},
   year = 1970,
   volume =2,
   pages = 121,
}

@ARTICLE{kayser,
   author = {R. F. Kayser and H. J. Ravech\'{e}},
   title = {},
   journal = {Phys. Rev. A},
   year = 1978,
   volume =17,
   pages = 2067,
}


@ARTICLE{wensinkrodplate,
   author = {H. H. Wensink and G. J. Vroege and H. N. W. Lekkerkerker },
   title = {},
   journal = {J. Chem. Phys.},
   year = 2001,
   volume =115,
   pages =7319,
}

@ARTICLE{wensinkbiaxial,
   author = {H. H. Wensink and G. J. Vroege and H. N. W. Lekkerkerker},
   title = {},
   journal = {Phys. Rev. E},
   year = 2002,
   volume = 66,
   pages = 041704,
}

@ARTICLE{jacksonbiaxrev,
   author = {S. Varga and A. Galindo and G. Jackson},
   title = {},
   journal = {J. Chem. Phys.},
   year = 2002,
   volume =117,
   pages = 10412,
}

@article{peters2021,
Author = {Peters, V. F. D. and Vis, M. and Tuinier, R.},
Title = {{Phase stability of colloidal spheres mixed with supramolecular rod-like polymers}},
Journal = {{J. Polym. Sci.}},
year  = {2021},
volume = {59},
pages = {1175},
}




@book{LekkerkerkerTuinier2011,
    Author = {Lekkerkerker, H. N. W. and Tuinier, R.},
    Publisher = {Springer},
    Title = {Colloids and the Depletion Interaction},
    Year = {2011},
    Series = {Lecture Notes in Physics},
    Volume = {833}}



@article{varga2002,
Author = {Varga, S and Galindo, A and Jackson, G},
Title = {{Global fluid phase behavior in binary mixtures of rodlike and platelike molecules}},
Journal = {{J. Chem. Phys.}},
Year = {{2002}},
Volume = {{117}},
Number = {{15}},
Pages = {{7207}},
}

@ARTICLE{jacksonbiax,
   author = {S. Varga and A. Galindo and G. Jackson},
   title = {},
   journal = {Phys. Rev. E},
   year = 2002,
   volume =66,
   pages = 011707,
}

@INCOLLECTION{fraden-tmv-baus,
  author = {S. Fraden},
  title = {},
  year = 1995,
  booktitle = {Observation, prediction and simulation of phase transitions in complex fluids},
  editor = {M. Baus},
  publisher = {Kluwer},
}

@ARTICLE{khokhlov82,
   author = {A. R. Khokhlov and A. N. Semenov},
   title = {},
   journal = {Phys. A},
   year = 1982,
   volume = 112,
   pages = 605,
}


@article{wensink_mm2019,
author = {Wensink, Henricus H.},
title = {Polymeric Nematics of Associating Rods: Phase Behavior, Chiral Propagation, and Elasticity},
journal = {Macromolecules},
volume = {52},
pages = {7994},
year = {2019},
}


@article{Wessels_2003,
author = { Paul P. F.   Wessels  and  Bela   M.   Mulder },
title = {Nematic Homopolymers: From Segmented to Wormlike Chains},
journal = {Soft Materials},
volume = {1},
number = {3},
pages = {313},
year  = {2003},
}


@article{Wessels_2006,
	year = 2006,
	volume = {18},
	number = {41},
	pages = {9335},
	author = {Paul P. F. Wessels and Bela M. Mulder},
	title = {Isotropic-to-nematic transition in liquid-crystalline heteropolymers: I. Formalism and main-chain liquid-crystalline polymers},
	journal = {J. Phys.: Condens. Matter},
}



@Article{popadic2018,
author = "Popadi\'{c}, Aleksandar and Sven\v{s}ek, Daniel and Podgornik, Rudolf and Daoulas, Kostas Ch. and Praprotnik, Matej",
title  = "Splay-density coupling in semiflexible main-chain nematic polymers with hairpins",
journal  ="Soft Matter",
year  ="2018",
volume  ="14",
issue  ="28",
pages  ="5898-5905",
}

@article{sokalski1982,
Author = {K. Sokalski and Th. W. Ruijgrok},
Title = {Elastic constants for liquid crystals of disc-like molecules},
Journal = {Physica A},
Year = {1982},
Volume = {113},
Pages = {126},
}


@article{obrien2011,
Author = {O'Brien, Paul A. C. and Allen, Michael P. and Cheung, David L. and   Dennison, Matthew and Masters, Andrew},
Title = {Elastic constants of hard thick platelets by Monte Carlo simulation and   virial expansion},
Journal = {Soft Matter},
Year = {2011},
Volume = {7},
Pages = {153},
}

@Article{wensink2018,
author ="Wensink, H. H.",
title  ="Frank elasticity of composite colloidal nematics with anti-nematic order",
journal  ="Soft Matter",
year  ="2018",
volume  ="14",
issue  ="44",
pages  ="8935-8944",
}

@Article{gemunden2015,
author ="Gem{\"{u}}nden, Patrick and Daoulas, Kostas Ch.",
title  ="Fluctuation spectra in polymer nematics and Frank elastic constants: a coarse-grained modelling study",
journal  ="Soft Matter",
year  ="2015",
volume  ="11",
issue  ="3",
pages  ="532-544",
}

@INCOLLECTION{hiltrop,
  author = {K. Hiltrop},
  title = {Phase Chirality of Micellar Lyotropic Liquid Crystals},
  booktitle = {Chirality in Liquid Crystals},
  editor = {H. -S. Kitzerow and C. Bahr},
  publisher = {Springer-Verlag},
  address = {New York},
  year =  {2001}
}



@Article{dierking2014,
AUTHOR = {Dierking, Ingo},
TITLE = {Chiral Liquid Crystals: Structures, Phases, Effects},
JOURNAL = {Symmetry},
VOLUME = {6},
YEAR = {2014},
PAGES = {444--472},
}


@article{aliabadi2016,
Author = {Aliabadi, Roohollah and Moradi, Mahmood and Varga, Szabolcs},
Title = {{Tracking three-phase coexistences in binary mixtures of hard plates and
   spheres}},
Journal = {{J. Chem. Phys.}},
Year = {{2016}},
Volume = {{144}},
Number = {{7}},
Pages = {{074902}},
}



@Article{chen2015,
author ="Chen, Mingfeng and Li, Huawei and Chen, Ying and Mejia, Andres F. and Wang, Xuezhen and Cheng, Zhengdong",
title  ="Observation of isotropicâ€“isotropic demixing in colloidal plateletâ€“sphere mixtures",
journal  ="Soft Matter",
year  ="2015",
volume  ="11",
issue  ="28",
pages  ="5775",
}



@article{peroukidis2010,
Author = {Peroukidis, Stavros D. and Vanakaras, Alexandros G. and Photinos,
   Demetri J.},
Title = {{Liquid crystalline phases and demixing in binary mixtures of  shape-anisometric colloids}},
Journal = {{J. Mat. Chem.}},
Year = {{2010}},
Volume = {{20}},
Number = {{46}},
Pages = {{10495}},
}


@Article{perouklapp2020,
author ="Peroukidis, Stavros D. and Klapp, Sabine H. L. and Vanakaras, Alexandros G.",
title  ="Field-induced anti-nematic and biaxial ordering in binary mixtures of discotic mesogens and spherical magnetic nanoparticles",
journal  ="Soft Matter",
year  ="2020",
volume  ="16",
issue  ="47",
pages  ="10667",
}




@Article{ogolla2019,
author ="Ogolla, Timothy and Paley, Robert S. and Collings, Peter J.",
title  ="Temperature dependence of the pitch in chiral lyotropic chromonic liquid crystals",
journal  ="Soft Matter",
year  ="2019",
volume  ="15",
issue  ="1",
pages  ="109-115",
}

@article{zhou2012,
  title = {Elasticity of Lyotropic Chromonic Liquid Crystals Probed by Director Reorientation in a Magnetic Field},
  author = {Zhou, Shuang and Nastishin, Yu. A. and Omelchenko, M. M. and Tortora, L. and Nazarenko, V. G. and Boiko, O. P. and Ostapenko, T. and Hu, T. and Almasan, C. C. and Sprunt, S. N. and Gleeson, J. T. and Lavrentovich, O. D.},
  journal = {Phys. Rev. Lett.},
  volume = {109},
  issue = {3},
  pages = {037801},
  year = {2012},
}



@article{nayani2015,
Author = {Nayani, Karthik and Chang, Rui and Fu, Jinxin and Ellis, Perry W. and Fernandez-Nieves, Alberto and Park, Jung Ok and Srinivasarao, Mohan},
Title = {Spontaneous emergence of chirality in achiral lyotropic chromonic liquid crystals confined to cylinders},
Journal = {Nat. Comm.},
Year = {2015},
Volume = {6},
Pages = {8067},
}


@article {jeong2015,
	author = {Jeong, Joonwoo and Kang, Louis and Davidson, Zoey S. and Collings, Peter J. and Lubensky, Tom C. and Yodh, A. G.},
	title = {Chiral structures from achiral liquid crystals in cylindrical capillaries},
	volume = {112},
	number = {15},
	pages = {E1837--E1844},
	year = {2015},
	journal = {Proc. Natl. Acad. Sci. (USA)}
}

@article{prinsen2004,
Author = {Prinsen, P. and van der Schoot, P.},
Title = {Parity breaking in nematic tactoids},
Journal = {J. Phys. Condens. Matter},
Year = {2004},
Volume = {16},
Number = {49},
Pages = {8835-8850},
}

@article{prinsen2003,
Author = {Prinsen, P. and van der Schoot, P.},
Title = {Shape and director-field transformation of tactoids},
Journal = {Phys. Rev. E},
Year = {2003},
Volume = {68},
Pages = {021701},
}


@article{debenedictis2016,
author = {Andrew DeBenedictis and Timothy J. Atherton},
title = {Shape minimisation problems in liquid crystals},
journal = {Liquid Crystals},
volume = {43},
number = {13-15},
pages = {2352-2362},
year  = {2016},
}


@article{kato2018,
Author = {Kato, Riki and Kakugo, Akira and Shikinaka, Kazuhiro and Ohsedo, Yutaka
   and Kabir, Arif Md Rashedul and Miyamoto, Nobuyoshi},
Title = {{Liquid Crystalline Colloidal Mixture of Nanosheets and Rods with Dynamically Variable Length}},
Journal = {{ACS Omega}},
Year = {{2018}},
Volume = {{3}},
Number = {{11}},
Pages = {{14869}},
}



@article {Mundoor18,
        author = {Mundoor, Haridas and Park, Sungoh and Senyuk, Bohdan and Wensink, Henricus H. and Smalyukh, Ivan I.},
        title = {Hybrid molecular-colloidal liquid crystals},
        volume = {360},
        number = {6390},
        pages = {768},
        year = {2018},
        journal = {Science}
}

@incollection{smalyukh2018,
Author = {Smalyukh, Ivan I.},
Title = {Liquid Crystal Colloids},
Editor = {S. Sachdev and M. C. Marchetti},
Booktitle = {Annu Rev Condens Matter Phys.},
Year = {2018},
Volume = {9},
Pages = {207},
}


@article{egorov2016,
  title = {Anomalous Fluctuations of Nematic Order in Solutions of Semiflexible Polymers},
  author = {Egorov, Sergei A. and Milchev, Andrey and Binder, Kurt},
  journal = {Phys. Rev. Lett.},
  volume = {116},
  issue = {18},
  pages = {187801},
  year = {2016},
}

@BOOK{abram,
  author = {M. Abramowitz and I. A. Stegun},
  year = 1973,
  title= {Handbook of mathematical functions},
  booktitle = {Handbook of mathematical functions},
  publisher = {Dover},
  address = {New York}
}


@ARTICLE{frenkelcol1989,
   author = {D. Frenkel},
   title = {},
   journal = {Liq. Cryst.},
   year = 1989,
   volume =5,
   pages = 929,
}


@article{dennison2011,
  title = {Phase Diagram and Effective Shape of Semiflexible Colloidal Rods and Biopolymers},
  author = {Dennison, M. and Dijkstra, M. and van Roij, R.},
  journal = {Phys. Rev. Lett.},
  volume = {106},
  issue = {20},
  pages = {208302},
  year = {2011},
}


@ARTICLE{wensink2001,
   author = {H. H. Wensink and G. J. Vroege and H. N. W. Lekkerkerker },
   title = {Isotropicâ€“Nematic Density Inversion in a Binary Mixture of Thin and Thick Hard Platelets},
   journal = {J. Phys. Chem. B},
   year =2001,
   volume =105,
   pages =10610 ,
}

@article{schmidt2004,
  title = {Floating Liquid Phase in Sedimenting Colloid-Polymer Mixtures},
  author = {Schmidt, Matthias and Dijkstra, Marjolein and Hansen, Jean-Pierre},
  journal = {Phys. Rev. Lett.},
  volume = {93},
  issue = {8},
  pages = {088303},
  year = {2004},
}



@article{milchev2018,
author = {Milchev, A.  and Egorov, S. A.  and Binder, K.  and Nikoubashman, A.},
title = {Nematic order in solutions of semiflexible polymers: Hairpins, elastic constants, and the nematic-smectic transition},
journal = {J. Chem. Phys.},
volume = {149},
number = {17},
pages = {174909},
year = {2018},
}


@article{grelet2014,
  title = {Hard-Rod Behavior in Dense Mesophases of Semiflexible and Rigid Charged Viruses},
  author = {Grelet, E.},
  journal = {Phys. Rev. X},
  volume = {4},
  issue = {2},
  pages = {021053},
  numpages = {8},
  year = {2014},
}


@article{wang2006,
title = "The Structure of a Filamentous Bacteriophage",
journal = "J.  Mol. Biol.",
volume = "361",
number = "2",
pages = "209-215",
year = "2006",
author = "Ying A. Wang and Xiong Yu and Stacy Overman and Masamichi Tsuboi and George J. Thomas and Edward H. Egelman",
}


@article{Wensink_2019, 
title={Effect of Size Polydispersity on the Pitch of Nanorod Cholesterics}, 
volume={9},
journal={Crystals}, 
author={Wensink, H. H.}, 
year={2019}, 
pages={143}}

@article{dogic2016,
Author = {Dogic, Zvonimir},
Title = {Filamentous Phages As a Model System in Soft Matter Physics},
Journal = {Front. Microbiol.},
Year = {2016},
Volume = {7},
Pages = {1013},
}


@article{zhang2004,
Author = {Zhang, Z. L. and Glotzer, S. C.},
Title = {Self-assembly of patchy particles},
Journal = {Nano Lett.},
Year = {2004},
Volume = {4},
Number = {8},
Pages = {1407-1413},
}


@article{vananders2014,
Author = {van Anders, Greg and Klotsa, Daphne and Ahmed, N. Khalid and Engel, Michael and Glotzer, Sharon C.},
Title = {Understanding shape entropy through local dense packing},
Journal = {Proc. Natl. Acad. Sci. (USA)},
Year = {2014},
Volume = {111},
Number = {45},
Pages = {E4812-E4821},
}

@article{dogic2000,
        author = {Dogic, Z.  and Fraden, S. },
        journal = {Langmuir},
        pages = {7820},
        priority = {2},
        title = {Cholesteric Phase in Virus Suspensions - Langmuir (ACSPublications)},
        volume = {16},
        year = {2000}
}


@Article{sacanna2013,
author ="Sacanna, S. and Pine, D. J. and Yi, G.-R.",
title  ="Engineering shape: the novel geometries of colloidal self-assembly",
journal  ="Soft Matter",
year  ="2013",
volume  ="9",
pages  ="8096-8106",
}

@article{edwards2007,
Author = {Edwards, E. W. and Wang, D. and Mohwald, H.},
Title = {Hierarchical organization of colloidal particles: From colloidal crystallization to supraparticle chemistry},
Journal = {Macromol. Chem. Phys.},
Year = {2007},
Volume = {208},
Pages = {439-445},
}


@article{repula2019,
Author = {Repula, A. and Menegon, M. O. and Wu, C. and van der Schoot, P. and Grelet, E.},
Title = {Directing Liquid Crystalline Self-Organization of Rodlike Particles through Tunable Attractive Single Tips},
Journal = {Phys. Rev. Lett.},
Year = {2019},
Volume = {122},
Pages = {128008},
}



@article{delacotte2017,
Author = {de la Cotte, A. and Wu, C. and Trevisan, M. and Repula, A.   and Grelet, E.},
Title = {Rod-Like Virus-Based Multiarm Colloidal Molecules},
Journal = {ACS Nano},
Year = {2017},
Volume = {11},
Pages = {10616-10622},
}


@ARTICLE{schoot1996,
   author = {P. van der Schoot},
   title = {The hexagonal phase of wormlike micelles},
   journal = {J. Chem. Phys.},
   year = 1996,
   volume = 104,
   pages = 1130,
}

@ARTICLE{wensink2003,
   author = {H. H. Wensink and G. J. Vroege},
   title = {Isotropicâ€“nematic phase behavior of length-polydisperse hard rods},
   journal = {J. Chem. Phys.},
   year = 2003,
   volume =119,
   pages = 6868,
}

@ARTICLE{speranza2003,
   author = {A. Speranza and P. Sollich},
   title = {Isotropic-nematic phase equilibria of polydisperse hard rods: the effect of fat tails in the length distribution},
   journal = {J. Chem. Phys.},
   year = 2003,
   volume =118,
   pages = 5213,
}


@article{kindt2001,
author = {Kindt, J. T.  and Gelbart, W. M. },
title = {Chain self-assembly and phase transitions in semiflexible polymer systems},
journal = {J. Chem. Phys.},
volume = {114},
number = {3},
pages = {1432-1439},
year = {2001},
}



@article{nguyen2018,
	author = {Nguyen, K. T. and De Michele, C.},
	title = {Nematic liquid crystals of bifunctional patchy spheres},
	journal = {Eur. Phys. J. E},
	year = 2018,
	volume = 41,
	number = 12,
	pages = "141",
}

@article{lu2004,
author = {L\"{u}, X.  and Kindt, J. T. },
title = {Monte Carlo simulation of the self-assembly and phase behavior of semiflexible equilibrium polymers},
journal = {J. Chem. Phys.},
volume = {120},
number = {21},
pages = {10328-10338},
year = {2004},
}



@article{bagnani2019,
Author = {Bagnani, M. and Nystrom, G. and De Michele, C. and Mezzenga, R.},
Title = {Amyloid Fibrils Length Controls Shape and Structure of Nematic and Cholesteric Tactoids},
Journal = {ACS Nano},
Year = {2019},
Volume = {13},
Number = {1},
Pages = {591-600},
}


@article{demichele2012,
Author = {De Michele, C. and Rovigatti, L. and Bellini, T. and Sciortino, F.},
Title = {Self-assembly of short DNA duplexes: from a coarse-grained model to experiments through a theoretical link},
Journal = {Soft Matter},
Year = {2012},
Volume = {8},
Number = {32},
Pages = {8388-8398},
}


@article{taylorherzfeld1991,
Author = {Taylor, M. P. and Herzfeld, J.},
Title = {{SHAPE ANISOTROPY AND ORDERED PHASES IN REVERSIBLY ASSEMBLING LYOTROPIC SYSTEMS}},
Journal = {{Phys. Rev. A}},
Year = {{1991}},
Volume = {{43}},
Pages = {{1892}},
}

@article{vdschoot1994epl,
Author = {van der Schoot, P. and Cates, M. E.},
Title = {The isotropic-to-nematic transition in semiflexible micellar solutions},
Journal = {EPL},
Year = {1994},
Volume = {25},
Number = {7},
Pages = {515-520},
}

@article{vdschoot2000,
Author = {van der Schoot, P. and Michels, M. A. J. and Brunsveld, L. and Sijbesma, R. P. and Ramzi, A.},
Title = {Helical transition and growth of supramolecular assemblies of chiral discotic molecules},
Journal = {Langmuir},
Year = {2000},
Volume = {16},
Number = {26},
Pages = {10076-10083},
}


@article{demichele2016,
author = {De Michele, C. and Zanchetta, G. and Bellini, T. and Frezza, E. and Ferrarini, A.},
title = {Hierarchical Propagation of Chirality through Reversible Polymerization: The Cholesteric Phase of DNA Oligomers},
journal = {ACS Macro Lett.},
volume = {5},
number = {2},
pages = {208-212},
year = {2016},
}


@article{nguyen2014,
author = {Nguyen, K. T. and Sciortino, F. and De Michele, C.},
title = {Self-Assembly-Driven Nematization},
journal = {Langmuir},
volume = {30},
number = {16},
pages = {4814-4819},
year = {2014},
}

@Article{kuriabova2010,
author ="Kuriabova, T. and Betterton, M. D. and Glaser, M. A.",
title  ="Linear aggregation and liquid-crystalline order: comparison of Monte Carlo simulation and analytic theory",
journal  ="J. Mater. Chem.",
year  ="2010",
volume  ="20",
pages  ="10366-10383",
}



@article{lydon2010,
Author = {Lydon, John},
Title = {{Chromonic review}},
Journal = {{J. Mat. Chem.}},
Year = {{2010}},
Volume = {{20}},
Number = {{45}},
Pages = {{10071}},
}

@article{lydon2004,
Author = {Lydon, J.},
Title = {Chromonic mesophases},
Journal = {Curr. Opin. Colloid Interface Sci},
Year = {2004},
Volume = {8},
Number = {6},
Pages = {480-490},
}


@article{tamchang2008,
Author = {Tam-Chang, S.-W. and Huang, L.},
Title = {Chromonic liquid crystals: properties and applications as functional  materials},
Journal = {Chem. Commun.},
Year = {2008},
Volume = {17},
Pages = {1957-1967},
}

@article{gray1994,
Author = {Gray, D. G.},
Title = {Chiral nematic ordering of polysaccharides},
Journal = {Carbohydr. Polym.},
Year = {1994},
Volume = {25},
Number = {4},
Pages = {277-284},
}

@article{rill1991,
Author = {Rill, R. L. and Strzelecka, T. E. and Davidson, M. W. and Vanwinkle, D. H.},
Title = {Ordered phases in concentrated DNA solutions}, 
Journal = {Physica A},
Year = {1991},
Volume = {176},
Number = {1},
Pages = {87-116},
}


@Article{dogic-fraden_fil,
author  = "Z. Dogic and S. Fraden",
journal = "Curr. Opin. Colloid  Interface Sci.",
title   = "Ordered phases of filamentous viruses",
year    = "2006",
volume  = "11",
pages   = "47"
}


@article{ho2011,
Author = {Ho, R.-M. and Chiang, Y.-W. and Lin, S.-C. and Chen, C.-K.},
Title = {Helical architectures from self-assembly of chiral polymers and block copolymers},
Journal = {Prog. Polym. Sci.},
Year = {2011},
Volume = {36},
Pages = {376-453},
}


@BOOK{gennes-prost,
   author = {P. G. de Gennes and J. Prost},
   title = {The Physics of Liquid Crystals},
   publisher = {Clarendon Press},
   address= {Oxford},
   year = {1993},
}

@article{fuchs1998,
Author = {Fuchs, E. and Cleveland, D. W.},
Title = {A structural scaffolding of intermediate filaments in health and disease},
Journal = {Science},
Year = {1998},
Volume = {279},
Number = {5350},
Pages = {514-519},
}


@article{gittes1993,
Author = {Gittes, F. and Mickey, B. and Nettleton, J and Howard, J.},
Title = {Flexural rigidity of microtubules and actin-filaments measured from thermal fluctuations in shape},
Journal = {J. Cell Biol.},
Year = {1993},
Volume = {120},
Pages = {923-934},
}


@article{riess2003,
Author = {Riess, G},
Title = {Micellization of block copolymers},
Journal = {Prog. Polym. Sci.},
Year = {2003},
Volume = {28},
Number = {7},
Pages = {1107-1170},
}


@article{blanazs2009,
Author = {Blanazs, A. and Armes, S. P. and Ryan, A. J.},
Title = {Self-Assembled Block Copolymer Aggregates: From Micelles to Vesicles and their Biological Applications},
Journal = {Macromol. Rapid Commun.},
Year = {2009},
Volume = {30},
Pages = {267-277},
}


@INCOLLECTION{meyerbook,
  author = {R. B. Meyer},
  title = {},
  booktitle = {Polymer Liquid Crystals},
  editor = {A. Ciferri and W. R. Krigbaum and R. B. Meyer},
  publisher = {Academic Press},
  address = {New York},
 pages = {133--163},
  year =  {1982}
}


@article{romani2018,
author = {Romani, E. and Ferrarini, A. and De Michele, C.},
title = {Elastic Constants of Chromonic Liquid Crystals},
journal = {Macromolecules},
volume = {51},
number = {14},
pages = {5409-5419},
year = {2018},
}


@article{taratuta1988,
  title = {Anisotropic mechanical properties of a polymer nematic liquid crystal},
  author = {Taratuta, V. G. and Lonberg, F. and Meyer, R. B.},
  journal = {Phys. Rev. A},
  volume = {37},
  issue = {5},
  pages = {1831--1834},
  numpages = {0},
  year = {1988},
}


@article{kamien_nelson1992,
  title = {Theory of directed polymers},
  author = {Kamien, R. D. and Le Doussal, P. and Nelson, D. R.},
  journal = {Phys. Rev. A},
  volume = {45},
  issue = {12},
  pages = {8727--8750},
  numpages = {0},
  year = {1992},
}



@article{tombo2006,
  title = {Chiral Nematic Phase of Suspensions of Rodlike Viruses: Left-Handed Phase Helicity from a Right-Handed Molecular Helix},
  author = {Tombolato, F. and Ferrarini, A. and Grelet, E.},
  journal = {Phys. Rev. Lett.},
  volume = {96},
  issue = {25},
  pages = {258302},
  numpages = {4},
  year = {2006},
}


@Article{tombolato-grelet,
author  = "F. Tombolato and A. Ferrarini and E. Grelet",
journal = "Phys. Rev. E",
year    = "2006",
volume  = "96",
pages   = "258302"
}

@article{morales2015,
year = "2015",
author = "H. H. Wensink and L. Morales Anda",
title  = "Chiral assembly of weakly curled hard rods: Effect of steric chirality and polarity",
journal = "J. Chem. Phys.",
volume =  "143",
pages = "144907",
}



@article{Kiss_1999,
        year = 1999,
        volume = {10},
        number = {1},
        pages = {25--28},
        author = {L. B. Kiss and J. S\"{o}derlund and G. A. Niklasson and C. G. Granqvist},
        title = {New approach to the origin of lognormal size distributions of nanoparticles},
        journal = {Nanotechnology},
}



@article{solc1975,
author = {\v{S}olc, K.},
title = {Cloud-Point Curves of Polymers with Logarithmic-Normal Distribution of Molecular Weight},
journal = {Macromolecules},
volume = {8},
number = {6},
pages = {819-827},
year = {1975},
}


@Article{chromo2008,
author ="Tam-Chang, S.-W. and Huang, L.",
title  ="Chromonic liquid crystals: properties and applications as functional materials",
journal  ="Chem. Commun.",
year  ="2008",
issue  ="17",
pages  ="1957-1967",
}

@article{zanchetta2010a,
  title={Right-handed double-helix ultrashort DNA yields chiral nematic phases with both right-and left-handed director twist},
  author={Zanchetta, G. and Giavazzi, F. and Nakata, M. and Buscaglia, M. and Cerbino, R. and Clark, N. A. and Bellini, T.},
  Journal = {Proc. Nat. Acad. Sci. (USA)},
  volume={107},
  pages={17497},
  year={2010},
}

@article{nakata2007,
Author = {Nakata, Michi and Zanchetta, Giuliano and Chapman, Brandon D. and Jones,
   Christopher D. and Cross, Julie O. and Pindak, Ronald and Bellini,
   Tommaso and Clark, Noel A.},
Title = {{End-to-end stacking and liquid crystal condensation of 6-to 20-base pair
   DNA duplexes}},
Journal = {{Science}},
Year = {{2007}},
Volume = {{318}},
Pages = {{1276}},
}



@article{tortora2010,
Author = {Tortora, Luana and Park, Heung-Shik and Kang, Shin-Woong and Savaryn,
   Victoria and Hong, Seung-Ho and Kaznatcheev, Konstantine and Finotello,
   Daniele and Sprunt, Samuel and Kumar, Satyendra and Lavrentovich, Oleg
   D.},
Title = {{Self-assembly, condensation, and order in aqueous lyotropic chromonic liquid crystals crowded with additives}},
Journal = {{Soft Matter}},
Year = {{2010}},
Volume = {{6}},
Number = {{17}},
Pages = {{4157}},
}




@article{vdschoot1994la,
author = {van der Schoot, P. and Cates, M. E.},
title = {Growth, Static Light Scattering, and Spontaneous Ordering of Rodlike Micelles},
journal = {Langmuir},
volume = {10},
number = {3},
pages = {670-679},
year = {1994},
}

@article{berret1994,
Author = {Berret, J. F. and Roux, D. C. and Porte, G. and Lindner, P.},
Title = {{SHEAR-INDUCED ISOTROPIC-TO-NEMATIC PHASE-TRANSITION IN EQUILIBRIUM POLYMERS}},
Journal = {{EPL}},
Year = {{1994}},
Volume = {{25}},
Pages = {{521}},
}


@article{taylor1993,
Author = {Taylor, M. P. and Herzfeld, J.},
Title = {{SHAPE ANISOTROPY AND ORDERED PHASES IN REVERSIBLY ASSEMBLING LYOTROPIC SYSTEMS}},
Journal = {{Phys. Rev. A}},
Year = {{1991}},
Volume = {{43}},
Number = {{4}},
Pages = {{1892}},
}




@Article{dierking,
AUTHOR = {Dierking, I.},
TITLE = {Chiral Liquid Crystals: Structures, Phases, Effects},
JOURNAL = {Symmetry},
VOLUME = {6},
YEAR = {2014},
NUMBER = {2},
PAGES = {444},
}


@Article{mitov2017,
author ="Mitov, M.",
title  ="Cholesteric liquid crystals in living matter",
journal  ="Soft Matter",
year  ="2017",
volume  ="13",
issue  ="23",
pages  ="4176-4209",
}

@article{dussi2015a,
  title={Cholesterics of colloidal helices: Predicting the macroscopic pitch from the particle shape and thermodynamic state},
  author={Dussi, S. and Belli, S. and van Roij, R. and Dijkstra, M.},
  journal={J. Chem. Phys.},
  volume={142},
  pages={074905},
  year={2015},
}

@article{kolli2014b,
  title={Self-assembly of hard helices: a rich and unconventional polymorphism},
  author={Kolli, H.~B. and Frezza, E. and Cinacchi, G. and Ferrarini, A. and Giacometti, A. and Hudson, T.~S. and De Michele, C. and Sciortino, F.},
  journal={Soft Matter},
  volume={10},
  pages={8171},
  year={2014},
}

@ARTICLE{odijkgauss,
   author = {T.  Odijk},
   title = {Osmotic pressure of a nematic solution of polydisperse rod-like macromolecules},
   journal = {Liq. Cryst.},
   year = 1986,
   volume =1,
   pages = 97,
}

@article{varga2006a,
  title={Study of the pitch of fluids of electrostatically chiral anisotropic molecules: Mean-field theory and simulation},
  author={Varga, S. and Jackson, G.},
  journal={Mol. Phys.},
  volume={104},
  pages={3681},
  year={2006},
}


@Article{wensinkjackson,
  title          = "Generalized van der Waals theory for the twist elastic modulus and helical pitch of cholesterics", 
  author        = "H. H. Wensink and G. Jackson",
  journal       = "J. Chem. Phys.",
  volume        = "130",
  pages         = "234911",
  year          = "2009"
}


@article{FASOLO2004,
title = "Phase equilibria in polydisperse colloidal systems",
journal = "React. Funct. Polym.",
volume = "58",
number = "3",
pages = "187 - 196",
year = "2004",
author = "M. Fasolo and P. Sollich and A. Speranza",
}


@ARTICLE{sluckin1989,
   author = {T. J. Sluckin},
   title = {Polydispersity in liquid crystal systems},
   journal = {Liq. Cryst.},
   year = 1989,
   volume =1,
   pages = 111,
}

@ARTICLE{sollichwarrenmomenttheory,
   author = {P. Sollich and P. B. Warren and M. E. Cates},
   title = {Moment Free energies for polydisperse systems},
   journal = {Adv. Chem. Phys.},
   year = 2001,
   volume =116,
   pages = 265,
}

@ARTICLE{sollichoverview,
   author = {P. Sollich},
   title = {Predicting phase equilibria in polydisperse systems},
   journal = {J. Phys. Condens. Matter},
   year = 2002,
   volume =14,
   pages = 79,
}

@article{nystrom2018,
author = {Nystr\"{o}m, G. and Arcari M. and Mezzenga, R.},
title = {Confinement-induced liquid crystalline transitions in amyloid fibril cholesteric tactoids},
journal = {Nature Nanotechnol.},
volume = {13},
number = {3},
pages = {330-336},
year = {2018},
}




@article{giraud2008a,
  title={Liquid crystallinity in collagen systems in vitro and in vivo},
  author={Giraud-Guille, M. M. and Mosser, G. and Belamie, E.},
  journal={Curr. Opin. Colloid Interface Sci.},
  volume={13},
  pages={303},
  year={2008}
}


@Article{gray-cullulose,
author  = "R. S. Werbowyj and D. G. Gray",
title   ="Liquid Crystalline Structure In Aqueous Hydroxypropyl Cellulose Solutions",
journal = "Mol. Cryst. Liq. Cryst.",
year    = "1976",
volume  = "34",
pages   = "97"
}


@article{heux2000,
Author = {Heux, L. and Chauve, G. and Bonini, C.},
Title = {Nonflocculating and chiral-nematic self-ordering of cellulose microcrystals suspensions in nonpolar solvents},
Journal = {Langmuir},
Year = {2000},
Volume = {16},
Number = {21},
Pages = {8210},
}



@article{REVOL1993,
title = "In vitro chiral nematic ordering of chitin crystallites",
journal = "Int. J. Biol. Macromol.",
volume = "15",
number = "6",
pages = "329 - 335",
year = "1993",
author = "J.-F. Revol and R.H. Marchessault",
}

@article{belamie2004,
  title={Structure and chirality of the nematic phase in $\alpha$-chitin suspensions},
  author={Belamie, E. and Davidson, P. and Giraud-Guille, M.~M.},
  journal={J. Phys. Chem. B},
  volume={108},
  pages={14991},
  year={2004},
}


@Article{ferreiro2016,
title   = "Spinodal instabilities in polydisperse lyotropic nematics",
author  = "C. Ferreiro-C\'{o}rdova and H. H. Wensink",
journal = "J. Chem. Phys.",
year    = "2016",
volume  = "145",
pages   = "244904"
}



@Article{vargachiral,
title   =  "Simulation of the macroscopic pitch of a chiral nematic phase of a model chiral mesogen",
author  = "S. Varga and G. Jackson",
journal = "Chem. Phys. Lett.",
year    = "2003",
volume  = "377",
pages   = "6"
}


@Article{goossens,
title   = "A Molecular Theory of the Cholesteric Phase and of the Twisting Power of Optically Active Molecules in a Nematic Liqud Crystal",
author  = "W. J. A. Goossens",
journal = "Mol. Cryst. Liq. Cryst.",
year    = "1971",
volume  = "12",
pages   = "237"
}

@ARTICLE{odijkelastic,
   title  = {Elastic constants of nematic solutions of rod-like and semi-flexible polymers},
   author = {T.  Odijk},
   journal = {Liq. Cryst.},
   year = 1986,
   volume =1,
   pages = 553,
}

@Article{odijkchiral,
title   = "Pitch of a Polymer Cholesteric",
author  = "T. Odijk",
journal = "J. Phys. Chem. ",
year    = "1987",
volume  = "91",
pages   = "6060"
}


@ARTICLE{odijkoverview,
   title = {Theory of Lyotropic Polymer Liquid Crystals},
   author = {T. Odijk},
   journal = {Macromolecules},
   year = 1986,
   volume = 19,
   pages = 2313,
}

@Article{harris-rmp,
title   = "Molecular chirality and chiral parameters",
author  = "A. B. Harris and R. D. Kamien and T. C. Lubensky",
journal = "Rev. Mod. Phys.",
year    = "1999",
volume  = "71",
pages   = "1745"
}

@Article{straleychiral,
title   = "Theory of piezoelectricity in nematic liquid crystals, and of the cholesteric ordering",
author  = "J. P. Straley",
journal = "Phys. Rev. A",
year    = "1976",
volume  = "14",
pages   = "1835"
}

@article{you_jcp2005,
Author = {You, X. M. and Vlasov, A. Y.  and Masters, A. J.},
Title = {The equation of state of isotropic fluids of hard convex bodies from a   high-level virial expansion},
Journal = {J. Chem. Phys.},
Year = {2005},
Volume = {123},
Pages = {034510},
}

@ARTICLE{eppenga1982,
   author = {D. Frenkel and R. Eppenga},
   title = {},
   journal = {Phys. Rev. Lett.},
   year = 1982,
   volume = 49,
   pages = 1089,
}
 
@ARTICLE{veerman1992,
   author = {J. A. C. Veerman and D. Frenkel},
   title = {},
   journal = {Phys. Rev. A},
   year = 1992,
   volume = 45,
   pages = 5632,
} 
 
@article{cheung2008,
Author = {Cheung, David L. and Anton, Lucian and Allen, Michael P. and Masters, Andrew J. and Phillips, Jonathan and Schmidt, Matthias},
Title = {Structure and stability of isotropic states of hard platelet fluids},
Journal = {Phys. Rev. E},
Year = {2008},
Volume = {78},
Pages = {041201},
}


@Article{francomelgar2008,
title   = "A generalisation of the Onsager trial-function approach: describing nematic liquid crystals with an algebraic equation of state",
author  = "M. Franco-Melgar and A. J. Haslam and G. Jackson",
journal = "Mol. Phys.",
year    = "2008",
volume  = "106",
pages   = "649"
}

@article{woolston_jcp2015,
Author = {Woolston, Phillip and van Duijneveldt, Jeroen S.},
Title = {Isotropic-nematic phase transition of polydisperse clay rods},
Journal = {J. Chem. Phys.},
Year = {2015},
Volume = {142},
Number = {18},
Pages = {184901},
}



@article{woolston2015,
author = {Woolston, P. and van Duijneveldt, J.  S.},
title = {Three-Phase Coexistence in Colloidal Rodâ€“Plate Mixtures},
journal = {Langmuir},
volume = {31},
number = {34},
pages = {9290-9295},
year = {2015},
}


@ARTICLE{schulz1939,
    title  = {\"{U}ber die kinetik der kettenpolymerisationen},	
   author = {G. V. Schulz},
   journal = {Z. Physik. Chem. B.},
   year = 1939,
   volume = 43,
   pages = 25,
}

@ARTICLE{zimm1948,
   title = {Apparatus and Methods for Measurement and Interpretation of the Angular Variation of Light Scattering; Preliminary Results on Polystyrene Solutions},	
   author = {B. H. Zimm},
   journal = {J. Chem. Phys.},
   year = 1948,
   volume = 16,
   pages = 1099,
}

@BOOK{numrecipes,
  author = {W. H. Press and S. A. Teukolsky and W. T. Vetterling and B. P. Flannery},
  title = {Numerical Recipes},
  publisher = {Cambridge University Press},
  address = {New York},
  year = 1989,
}

@ARTICLE{rex2007,
   author = {M. Rex and H. H. Wensink and H. L\"{o}wen},
   journal = {Phys. Rev. E},
   year = 2007,
   volume = 76,
   pages = 021403,
}

@ARTICLE{marconi1999,
   author = {U. M. B. Marconi and P. Tarazona},
   title = {},
   journal = {J. Chem. Phys.},
   year = 1999,
   volume = 110,
   pages = 8032,
}

@ARTICLE{marconi2000,
   author = {U. M. B. Marconi and P. Tarazona},
   title = {},
   journal = { J. Phys.: Condens. Matter},
   year = 2000,
   volume = 12,
   pages = A413,
}

@ARTICLE{archer2004,
   author = { A. J. Archer and R. Evans},
   title = {},
   journal = { J. Chem. Phys.},
   year = 2004,
   volume = 121,
   pages = 4246,
}


@BOOK{dhontbook,
   author = {J. K. G. Dhont},
   title = {An Introduction to the Dynamics of Colloids},
   publisher= {Elsevier},
   address= {Amsterdam},
   year = 1996,
}


@Article{dhontbrielsPRE2005,
author  = "J. K. G. Dhont and W. J. Briels",
journal = "Phys. Rev. E",
year    = "2005",
volume  = "72",
pages   = "031404"
}



@article{dozov2011,
author = {Dozov, I. and Paineau, E. and Davidson, P. and Antonova, K. and Baravian, C. and Bihannic, I. and Michot, L. J.},
title = {Electric-Field-Induced Perfect Anti-Nematic Order in Isotropic Aqueous Suspensions of a Natural Beidellite Clay},
journal = {J. Phys. Chem. B},
volume = {115},
number = {24},
pages = {7751},
year = {2011},
}



@article{paineau_jpcb2009,
Author = {Paineau, E. and Antonova, K. and Baravian, C. and Bihannic, I. and   Davidson, P. and Dozov, I. and Imperor-Clerc, M. and Levitz, P. and   Madsen, A. and Meneau, F. and Michot, L. J.},
Title = {{Liquid-Crystalline Nematic Phase in Aqueous Suspensions of a Disk-Shaped   Natural Beidellite Clay}},
Journal = {{J. Phys. Chem. B}},
Year = {{2009}},
Volume = {{113}},
Number = {{48}},
Pages
= {{15858}},
}

@misc{pc1,
  author = "Davidson, P. and Paineau, E. and Lekkerkerker, H. N. W.",
  date = "(2016)",
  howpublished = "personal communication"
}

@article{tenbrinke_sm2008,
Author = {ten Brinke, A. J. W. and Bailey, L. and Lekkerkerker, H. N. W. and Maitland, G. C.},
Title = {{Rheology modification in mixed shape colloidal dispersions. Part II:   mixtures}},
Journal = {{Soft Matter}},
Year = {{2008}},
Volume = {{4}},
Number = {{2}},
Pages = {{337}},
}

@article{bailey_sm2015,
Author = {Bailey, Louise and Lekkerkerker, Henk N. W. and Maitland, Geoffrey C.},
Title = {{Smectite clay - inorganic nanoparticle mixed suspensions: phase behaviour and rheology}},
Journal = {{Soft Matter}},
Year = {{2015}},
Volume = {{11}},
Number = {{2}},
Pages = {{222}},
}


@article{tenbrinke_sm2007,
Author = {ten Brinke, Annemieke J. W. and Bailey, Louise and Lekkerkerker, Henk N. W. and Maitland, Geoffrey C.},
Title = {{Rheology modification in mixed shape colloidal dispersions. Part I: pure components}},
Journal = {{Soft Matter}},
Year = {{2007}},
Volume = {{3}},
Number = {{9}},
Pages = {{1145}},
}


@article{bartlett_jcp1998,
Author = {Bartlett, P},
Title = {{Fractionated crystallization in a polydisperse mixture of hard spheres}},
Journal = {{J. Chem. Phys.}},
Year = {{1998}},
Volume = {{109}},
Number = {{24}},
Pages = {{10970}},
}


@article{phan_jcp1998,
Author = {Phan, S. E. and Russel, W. B. and Zhu, J. X. and Chaikin, P. M.},
Title = {{Effects of polydispersity on hard sphere crystals}},
Journal = {{J. Chem. Phys.}},
Year = {{1998}},
Volume = {{108}},
Number = {{23}},
Pages = {{9789}},
}



@article{yianno_jcp2009,
Author = {Yiannourakou, Marianna and Economou, Ioannis G. and Bitsanis, Ioannis A.},
Title = {{Phase equilibrium of colloidal suspensions with particle size   dispersity: A Monte Carlo study}},
Journal = {{J. Chem. Phys.}},
Year = {{2009}},
Volume = {{130}},
Number = {{19}},
Month = {{MAY 21}},
Pages = {{194902}},
}



@article{bartlett_prl1999,
Author = {Bartlett, P and Warren, PB},
Title = {{Reentrant melting in polydispersed hard spheres}},
Journal = {{Phys. Rev. Lett.}},
Year = {{1999}},
Volume = {{82}},
Number = {{9}},
Pages = {{1979}},
}


@article{sarkar_pre2013,
Author = {Sarkar, Sarmistha and Biswas, Rajib and Santra, Mantu and Bagchi, Biman},
Title = {{Solid-liquid transition in polydisperse Lennard-Jones systems}},
Journal = {{Phys. Rev. E}},
Year = {{2013}},
Volume = {{88}},
Number = {{2}},
Pages = {{022104}},
}



@article{vdlinden_jcp2013,
Author = {van der Linden, Marjolein N. and van Blaaderen, Alfons and Dijkstra,   Marjolein},
Title = {{Effect of size polydispersity on the crystal-fluid and crystal-glass transition in hard-core repulsive Yukawa systems}},
Journal = {{J. Chem. Phys.}},
Year = {{2013}},
Volume = {{138}},
Number = {{11}},
Pages = {{114903}},
}

@article{schaertl1994,
Author = {Schaertl, W and Sillescu, H},
Title = {{BROWNIAN DYNAMICS OF POLYDISPERSE COLLOIDAL HARD-SPHERES - EQUILIBRIUM STRUCTURES AND RANDOM CLOSE PACKINGS}},
Journal = {{J. Stat. Phys.}},
Year = {{1994}},
Volume = {{77}},
Pages = {{1007}},
}


@article{pusey_nature1986,
Author = {Pusey, PN and van Megen, W},
Title = {{PHASE-BEHAVIOR OF CONCENTRATED SUSPENSIONS OF NEARLY HARD COLLOIDAL   SPHERES}},
Journal = {{Nature}},
Year = {{1986}},
Volume = {{320}},
Number = {{6060}},
Pages = {{340}},
}


@article{auer_nature2001,
Author = {Auer, S. and Frenkel, D.},
Title = {{Suppression of crystal nucleation in polydisperse colloids due to   increase of the surface free energy}},
Journal = {{Nature}},
Year = {{2001}},
Volume = {{413}},
Number = {{6857}},
Pages = {{711}},
}


@ARTICLE{kooij_nature2000,
   author = {F. M. van der Kooij and K. Kassapidou and H. N. W. Lekkerkerker},
   title = {},
   journal = {Nature},
   year = 2000,
   volume = 406,
   pages = 868,
}


@ARTICLE{Kofke99,
   author = {D. A. Kofke and P. G. Bolhuis},
   title = {},
   journal = {Phys. Rev. E},
   year = 1999,
   volume = 59,
   pages = 618,
}
 
@article{bellier_jcp2000,
Author = {Bellier-Castella, L and Xu, H and Baus, M},
Title = {{Phase diagrams of polydisperse van der Waals fluids}},
Journal = {{J. Chem. Phys.}},
Year = {{2000}},
Volume = {{113}},
Number = {{18}},
Pages = {{8337}},
}



@article{farr_jcp2009,
Author = {Farr, R. S. and Groot, R. D.},
Title = {{Close packing density of polydisperse hard spheres}},
Journal = {{J. Chem. Phys.}},
Year = {{2009}},
Volume = {{131}},
Number = {{24}},
Month = {{DEC 28}},
Pages = {{244104}},
}


@article{woolstonjcis2015,
Author = {Woolston, Phillip and van Duijneveldt, Jeroen S.},
Title = {{Isotropic-nematic phase transition in aqueous sepiolite suspensions}},
Journal = {{J. Colloid Interface Sci.}},
Year = {{2015}},
Volume = {{437}},
Number = {{13}},
Pages = {{65}},
}


@article{bushell_jcis1998,
Author = {Bushell, G and Amal, R},
Title = {{Fractal aggregates of polydisperse particles}},
Journal = {{J. Colloid Interface Sci.}},
Year = {{1998}},
Volume = {{205}},
Number = {{2}},
Pages = {{459}},
}



@article{huang_1991,
Author = {Huang, S. H. and Radosz, M.},
Title = {{Equation of state for small, large, polydisperse and associating molecules - extension to fluid mixtures}},
Journal = {{Ind. Eng. Chem. Res.}},
Year = {{1991}},
Volume = {{30}},
Number = {{8}},
Pages = {{1994}},
}


@ARTICLE{Onsager,
   author = {L. Onsager},
   title = {The Effects of Shape on the Interaction of Colloidal Particles},
   journal = {Ann. N.Y. Acad. Sci.},
   year = 1949,
   volume = 51,
   pages = 627,
}


@article{davidson1997,
Author = {Davidson, P. and Batail, P. and Gabriel, J. C. P. and Livage, J. and Sanchez, C. and Bourgaux, C.},
Title = {{Mineral liquid crystalline polymers}},
Journal = {{Prog. Polym. Sci}},
Year = {{1997}},
Volume = {{22}},
Number = {{5}},
Pages = {{913}},
}
 
@article{paineau2013,
Author = {Paineau, E. and Philippe, A. M. and Antonova, K. and Bihannic, I. and   Davidson, P. and Dozov, I. and Gabriel, J. C. P. and Imperor-Clerc, M.   and Levitz, P. and Meneau, F. and Michot, L. J.},
Title = {{Liquid-crystalline properties of aqueous suspensions of natural clay   nanosheets}},
Journal = {{Liq. Cryst. Rev.}},
Year = {{2013}},
Volume = {{1}},
Pages = {{110}},
}


@ARTICLE{wensink_jcp2003,
   author = {H. H. Wensink and G. J. Vroege},
   title = {Isotropic-nematic phase behavior of length-polydisperse hard rods},
   journal = {J. Chem. Phys.},
   year = 2003,
   volume =119,
   pages = 6868,
}

@ARTICLE{speranza_jcp2003,
   author = {A. Speranza and P. Sollich},
   title = {Isotropic-nematic phase equilibria of polydisperse hard rods: The effect of fat tails in the length distribution},
   journal = {J. Chem. Phys.},
   year = 2003,
   volume = 118,
   pages =5213,
}

@article{mederos_overview2014,
Author = {Mederos, Luis and Velasco, Enrique and Martinez-Raton, Yuri},
Title = {{Hard-body models of bulk liquid crystals}},
Journal = {{J. Phys. Condens. Matter}},
Year = {{2014}},
Volume = {{26}},
Number = {{46}},
Pages = {{463101}},
}

@article{sollich_jcp2005,
Author = {Sollich, P},
Title = {{Nematic-nematic demixing in polydisperse thermotropic liquid crystals}},
Journal = {{J. Chem. Phys.}},
Year = {{2005}},
Volume = {{122}},
Number = {{21}},
Pages = {{214911}},
}

@article{baughman_cnt2002,
Author = {Baughman, RH and Zakhidov, AA and de Heer, WA},
Title = {{Carbon nanotubes - the route toward applications}},
Journal = {{Science}},
Year = {{2002}},
Volume = {{297}},
Number = {{5582}},
Pages = {{787}},
}


@article{xu_graphene_LC_2011,
Author = {Xu, Zhen and Gao, Chao},
Title = {{Aqueous Liquid Crystals of Graphene Oxide}},
Journal = {{ACS Nano}},
Year = {{2011}},
Volume = {{5}},
Number = {{4}},
Pages = {{2908}},
}

@article{furukawa_actin1993,
Author = {Furukawa, R and Kundra, R and Fechheimer, M},
Title = {{FORMATION OF LIQUID-CRYSTALS FROM ACTIN-FILAMENTS}},
Journal = {{Biochemistry}},
Year = {{1993}},
Volume = {{32}},
Number = {{46}},
Pages = {{12346}},
}


@article{vdpol_jcp2008,
Author = {van den Pol, E. and Thies-Weesie, D. M. E. and Petukhov, A. V. and   Vroege, G. J. and Kvashnina, K.},
Title = {{Influence of polydispersity on the phase behavior of colloidal goethite}},
Journal = {{J. Chem. Phys.}},
Year = {{2008}},
Volume = {{129}},
Pages = {{164715}},
}

@article{lagerwall2014a,
  title={Cellulose nanocrystal-based materials: from liquid crystal self-assembly and glass formation to multifunctional thin films},
  author={Lagerwall, J. P. F. and Sch{\"u}tz, C. and Salajkov\'{a}, M. and Noh, J. and Park, J. H. and Scalia, G. and Bergstr{\"o}m, L.},
  journal={NPG Asia Mater.},
  volume={6},
  pages={e80},
  year={2014},
}


@ARTICLE{buining_jacs1991,
   author = {P. A. Buining and C. Pathmamanoharan and J. B. H. Jansen and H. N. W. Lekkerkerker},
   title = {No idea},
   journal = {{J. Am. Ceram. Soc.}},
   year = {{1991}},
   volume = {{74}},
   pages = {{1303}},
}

@article{zhang_jcp2006,
Author = {Zhang, ZX and van Duijneveldt, JS},
Title = {{Isotropic-nematic phase transition of nonaqueous suspensions of natural clay rods}},
Journal = {{J. Chem. Phys.}},
Year = {{2006}},
Volume = {{124}},
Pages = {{154910}},
}

@article{byelov_2010,
Author = {Byelov, D. V. and Mourad, M. C. D. and Snigireva, I. and Snigirev, A. and Petukhov, A. V. and Lekkerkerker, H. N. W.},
Title = {{Experimental Observation of Fractionated Crystallization in Polydisperse   Platelike Colloids}},
Journal = {{Langmuir}},
Year = {{2010}},
Volume = {{26}},
Pages = {{6898}},
}


@article{botet_2016,
Author = {Botet, Robert and Cabane, Bernard and Goehring, Lucas and Li, Joaquim   and Artzner, Franck},
Title = {{How do polydisperse repulsive colloids crystallize?}},
Journal = {{Faraday Discuss.}},
Year = {{2016}},
Volume = {{186}},
Pages = {{229}},
}

@article{wilding_jcp2002,
Author = {Wilding, NB and Sollich, P},
Title = {{Grand canonical ensemble simulation studies of polydisperse fluids}},
Journal = {{J. Chem. Phys.}},
Year = {{2002}},
Volume = {{116}},
Number = {{16}},
Pages = {{7116}},
}


@article{sollich_prl2010,
Author = {Sollich, Peter and Wilding, Nigel B.},
Title = {{Crystalline Phases of Polydisperse Spheres}},
Journal = {{Phys. Rev. Lett.}},
Year = {{2010}},
Volume = {{104}},
Number = {{11}},
Month = {{MAR 19}},
Pages = {{118302}},
}


@article{fasolo_prl2003,
Author = {Fasolo, M and Sollich, P},
Title = {{Equilibrium phase behavior of polydisperse hard spheres}},
Journal = {{Phys. Rev. Lett.}},
Year = {{2003}},
Volume = {{91}},
Pages = {{068301}},
}


@article{shundyak_pre2003,
Author = {Shundyak, K and van Roij, R},
Title = {{Free planar isotropic-nematic interfaces in binary hard-rod fluids}},
Journal = {{Phys. Rev. E}},
Year = {{2003}},
Volume = {{68}},
Pages = {{061703}},
}

@article{bier_pre2004,
Author = {Bier, M and Harnau, L and Dietrich, S},
Title = {{Bulk and interfacial properties of binary hard-platelet fluids}},
Journal = {{Phys. Rev. E}},
Year = {{2004}},
Volume = {{69}},
Pages = {{021506}},
}

@article{shin2017,
Author = {Shin, Yongdae and Brangwynne, Clifford P.},
Title = {{Liquid phase condensation in cell physiology and disease}},
Journal = {{Science}},
Year = {{2017}},
Volume = {{357}},
Pages = {{eaaf4382}},
}



@article{hyman2014,
  title={Liquid-liquid phase separation in biology},
  author={Hyman, A. A. and Weber, C. A. and J{\"u}licher, F.},
  journal={Annu. Rev. Cell Dev. Biol.},
  volume={30},
  pages={39},
  year={2014},
  publisher={Annual Reviews}
}

@ARTICLE{lekkerkerker_coulon84,
   author = {H. N. W. Lekkerkerker and Ph. Coulon and R. van der Hagen and R. Deblieck},
   title = {},
   journal = {J. Chem. Phys.},
   year = 1984,
   volume = 80,
   pages = 3427,
}

@ARTICLE{stroobants1984,
   author = {A. Stroobants and H. N. W. Lekkerkerker},
   title = {},
   journal = {J. Phys. Chem.},
   year = 1984,
   volume = 88,
   pages = 3669,
}

@article{martinez-ratonJCP2005,
Author = {Martinez-Raton, Y and Velasco, E and Mederos, L},
Title = {{Stability of smectic phases in hard-rod mixtures}},
Journal = {{J. Chem. Phys.}},
Year = {{2005}},
Volume = {{123}},
Number = {{10}},
Pages = {{104906}},
}


@article{phillips_pre2010,
Author = {Phillips, Jonathan and Schmidt, Matthias},
Title = {{Bulk phase behavior of binary hard platelet mixtures from density   functional theory}},
Journal = {{Phys. Rev. E}},
Year = {{2010}},
Volume = {{81}},
Pages = {{041401}},
}
 
@article{vroege_lekkerkerker1997,
Author = {Vroege, GJ and Lekkerkerker, HNW},
Title = {{Theory of phase separation for a solution of tridisperse rod-like   particles}},
Journal = {{Colloids Surf., A}},
Year = {{1997}},
Volume = {{129}},
Pages = {{405}},
}

@article{vroij_mulder1998,
Author = {van Roij, R and Mulder, B and Dijkstra, M},
Title = {{Phase behavior of binary mixtures of thick and thin hard rods}},
Journal = {{Physica A}},
Year = {{1998}},
Volume = {{261}},
Pages = {{374}},
}


@article{purdy_prl2005,
Author = {Purdy, KR and Varga, S and Galindo, A and Jackson, G and Fraden, S},
Title = {{Nematic phase transitions in mixtures of thin and thick colloidal rods}},
Journal = {{Phys. Rev. Lett.}},
Year = {{2005}},
Volume = {{94}},
Number = {{5}},
Pages = {{057801}},
}


@PHDThesis{wensinkthesis,
   author = {H. H. Wensink},
   title = {},
    year = 2004,
   school = {Utrecht University},
}
 
@article{wensink_vroegeJPCM2004,
Author = {Wensink, H. H. and Vroege, G. J.},
Title = {{Demixing in binary mixtures of anisometric colloids}},
Journal = {{J. Phys. Condens. Matter}},
Year = {{2004}},
Volume = {{16}},
Pages = {{S2015}},
}


@article{sollich_SM2011,
Author = {Sollich, Peter and Wilding, Nigel B.},
Title = {{Polydispersity induced solid-solid transitions in model colloids}},
Journal = {{Soft Matter}},
Year = {{2011}},
Volume = {{7}},
Pages = {{4472}},
}


@article{cabane_prl2016,
Author = {Cabane, Bernard and Li, Joaquim and Artzner, Franck and Botet, Robert and Labbez, Christophe and Bareigts, Guillaume and Sztucki, Michael and   Goehring, Lucas},
Title = {{Hiding in Plain View: Colloidal Self-Assembly from Polydisperse Populations}},
Journal = {{Phys. Rev. Lett.}},
Year = {{2016}},
Volume = {{116}},
}



@article{solomon_SM2010,
Author = {Solomon, Michael J. and Spicer, Patrick T.},
Title = {{Microstructural regimes of colloidal rod suspensions, gels, and glasses}},
Journal = {{Soft Matter}},
Year = {{2010}},
Volume = {{6}},
Number = {{7}},
Pages = {{1391}},
}



@article{pusey_2009,
Author = {Pusey, P. N. and Zaccarelli, E. and Valeriani, C. and Sanz, E. and Poon, Wilson C. K. and Cates, Michael E.},
Title = {{Hard spheres: crystallization and glass formation}},
Journal = {{Philos. Trans. A Math. Phys. Eng. Sci.}},
Year = {{2009}},
Volume = {{367}},
Number = {{1909}},
Pages = {{4993}},
}


@article{kyrylyuk_NatNANO2011,
Author = {Kyrylyuk, A. V. and Hermant, M. C. and Schilling, T. and Klumperman, B. and Koning, C. E. and van der Schoot, P.},
Title = {{Controlling electrical percolation in multicomponent carbon nanotube   dispersions}},
Journal = {{Nat. Nanotechnol.}},
Year = {{2011}},
Volume = {{6}},
Number = {{6}},
Pages = {{364}},
}

@article{kyrylyuk_PNAS2008,
Author = {Kyrylyuk, A. V. and van der Schoot, P.},
Title = {{Continuum percolation of carbon nanotubes in polymeric and colloidal media}},
Journal = {{Proc. Natl. Acad. Sci. (USA)}},
Year = {{2008}},
Volume = {{105}},
Number = {{24}},
Pages = {{8221}},
}

@article{blaaderen_wiltzius1997,
Author = {van Blaaderen, A. and Ruel, R. and Wiltzius, P.},
Title = {{Template-directed colloidal crystallization}},
Journal = {{Nature}},
Year = {{1997}},
Volume = {{385}},
Number = {{6614}},
Pages = {{321}},
}


@article{murray_kagan,
Author = {Murray, C. B. and Kagan, C. R. and Bawendi, M. G.},
Title = {{Synthesis and characterization of monodisperse nanocrystals and
   close-packed nanocrystal assemblies}},
Journal = {{Annu. Rev. Mater. Sci.}},
Year = {{2000}},
Volume = {{30}},
Pages = {{545}},
}

@ARTICLE{davidson-overview,
   author = {P. Davidson and J. C. P. Gabriel},
   title = {},
   journal = {Curr. Opin. Colloid Interface Sci.},
   year = 2005,
   volume = 9,
   pages = 377,
}

@article{gabriel2005,
Author = {Gabriel, J. C. P. and Sanchez, C. and Davidson, P.},
Title = {{Observation of nematic liquid-crystal textures in aqueous gels of
   smectite clays}},
Journal = {{J. Phys. Chem.}},
Year = {{1996}},
Volume = {{100}},
Pages = {{11139}},
}


@ARTICLE{OdijkLekkerkerker,
   author = {T. Odijk and H. N. W. Lekkerkerker},
   title = {Theory of the isotropic-liquid crystal phase separation for a solution of bidisperse rodllke macromolecules},
   journal = {J. Phys. Chem.},
   year = 1985,
   volume =89,
   pages =2090,
}

@ARTICLE{vroege1993,
   author = {G. J. Vroege and H. N. W. Lekkerkerker},
   title = {Theory of the isotropic-nematic-nematic phase separation for a solution of bidisperse rodlike particles},
   journal = {J. Phys. Chem.},
   year = 1993,
   volume = 97,
   pages = 3601,
}

@ARTICLE{Vroege92,
   author = {G. J. Vroege and H. N. W. Lekkerkerker},
   title = {Phase transitions in lyotropic colloidal and polymer liquid crystals},
   journal = {Rep. Prog. Phys.},
   year = 1992,
   volume = 55,
   pages = 1241,
}
