@article{kaplan2014,
Author = {Kaplan, C. Nadir and Meyer, Robert B.},
Journal = {Soft Matter},
Year = {2014},
Volume = {10},
Number = {26},
Pages = {4700-4710},
}


@article{gelbart1996,
Author = {Gelbart, W. M. and Ben-Shaul, A.},
Title = {The `'new'' science of `'complex fluids''},
Journal = {J. Phys. Chem.},
Year = {1996},
Volume = {100},
Number = {31},
Pages = {13169-13189},
}


@article{wensink2018elastic,
  title={Elastic moduli of a smectic membrane: a rod-level scaling analysis},
  author={Wensink, H. H. and Morales Anda, L.},
  journal={Journal of Physics: Condensed Matter},
  volume={30},
  number={7},
  pages={075101},
  year={2018},
  publisher={IOP Publishing}
}


@Article{goossens1971,
author  = "W. J. A. Goossens",
journal = "Mol. Cryst. Liq. Cryst.",
year    = "1971",
volume  = "12",
pages   = "237"
}



@article {Janae1701483,
	author = {Jana, Santanu and de Frutos, Marta and Davidson, Patrick and Ab{\'e}cassis, Benjamin},
	title = {Ligand-induced twisting of nanoplatelets and their self-assembly into chiral ribbons},
	volume = {3},
	number = {9},
	year = {2017},
	journal = {Sci. Adv.}
}


@article {Srivastava1355,
	author = {Srivastava, Sudhanshu and Santos, Aaron and Critchley, Kevin and Kim, Ki-Sub and Podsiadlo, Paul and Sun, Kai and Lee, Jaebeom and Xu, Chuanlai and Lilly, G. Daniel and Glotzer, Sharon C. and Kotov, Nicholas A.},
	title = {Light-Controlled Self-Assembly of Semiconductor Nanoparticles into Twisted Ribbons},
	volume = {327},
	number = {5971},
	pages = {1355-1359},
	year = {2010},
	journal = {Science}
}


@book{lektuin2011,
      author        = "Lekkerkerker, Henk N W and Tuinier, Remco",
      title         = "{Colloids and the Depletion Interaction}",
      publisher     = "Springer",
      address       = "Dordrecht",
      series        = "Lecture Notes in Physics",
      year          = "2011",
}

@ARTICLE{bolhuis_jcp1997,
   author = {P. G. Bolhuis and A. Stroobants and D. Frenkel and H. N. W. Lekkerkerker},
   title = {},
   journal = {J. Chem. Phys.},
   year = 1997,
   volume = 5,
   pages = 1551,
}

@BOOK{gennes-prost,
   author = {P. G. de Gennes and J. Prost},
   title = {The Physics of Liquid Crystals},
   publisher ={Clarendon Press},
   address= {Oxford},
   year = {1993},
}

@misc{grelet1,
  author = "E. Grelet and B. Sung",
  date = "2016",
  howpublished = "personal communication"
}


@Article{allenevans,
author  = "M. P. Allen and G. T. Evans and D. Frenkel and B. M. Mulder",
journal = "Adv. Chem. Phys. ",
year    = "1993",
volume  = "86",
pages   = "1",
}


@article{kaplan2010,
  title = {Theory of depletion-induced phase transition from chiral smectic-$A$ twisted ribbons to semi-infinite flat membranes},
  author = {Kaplan, C. Nadir and Tu, Hao and Pelcovits, Robert A. and Meyer, Robert B.},
  journal = {Phys. Rev. E},
  volume = {82},
  pages = {021701},
  year = {2010},
}



@article{barry_jpcb2009,
Author = {Barry, Edward and Dogic, Zvonimir and Meyer, Robert B. and Pelcovits, Robert A. and Oldenbourg, Rudolf},
Title = {Direct Measurement of the Twist Penetration Length in a Single Smectic A Layer of Colloidal Virus Particles},
Journal = {J. Phys. Chem. B},
Year = {2009},
Volume = {113},
Pages = {3910-3913},
}


@article{jia_pelcovits2017,
Author = {Jia, Leroy L. and Zakhary, Mark J. and Dogic, Zvonimir and Pelcovits,   Robert A. and Powers, Thomas R.},
Title = {Chiral edge fluctuations of colloidal membranes},
Journal = {Phys. Rev. E},
Year = {2017},
Volume = {95},
Pages = {060701},
}


@ARTICLE{OdijkLekkerkerker,
   author = {T. Odijk and H. N. W. Lekkerkerker},
   title = {},
   journal = {J. Phys. Chem.},
   year = 1985,
   volume =89,
   pages =2090,
}


@article {Wang358,
	author = {Wang, Tie and Zhuang, Jiaqi and Lynch, Jared and Chen, Ou and Wang, Zhongliang and Wang, Xirui and LaMontagne, Derek and Wu, Huimeng and Wang, Zhongwu and Cao, Y. Charles},
	title = {Self-Assembled Colloidal Superparticles from Nanorods},
	volume = {338},
	number = {6105},
	pages = {358--363},
	year = {2012},
	journal = {Science}
}


@article{Gibaud2014,
author = {Gibaud, Thomas and Barry, Edward and Zakhary, Mark J. and Henglin, Mir and Ward, Andrew and Yang, Yasheng and Berciu, Cristina and Oldenbourg, Rudolf and Hagan, Michael F. and Nicastro, Daniela and Meyer, Robert B. and Dogic, Zvonimir},
title = {Reconfigurable self-assembly through chiral control of interfacial tension},
journal = {Nature},
volume = {481},
pages = {348-351},
year = {2014},
}



@article{Sharma2014,
author = {Sharma, Prerna and Ward, Andrew and Gibaud, T. and Hagan, Michael F. and Dogic, Zvonimir},
title = {Hierarchical organization of chiral rafts in colloidal membranes},
journal = {Nature},
volume = {513},
pages = {77-80},
year = {2014},
}


@article{Baranov2010,
author = {Baranov, Dmitry and Fiore, Angela and van Huis, Marijn and Giannini, Cinzia and Falqui, Andrea and Lafont, Ugo and Zandbergen, Henny and Zanella, Marco and Cingolani, Roberto and Manna, Liberato},
title = {Assembly of Colloidal Semiconductor Nanorods in Solution by Depletion Attraction},
journal = {Nano Letters},
volume = {10},
number = {2},
pages = {743-749},
year = {2010},
}




@article {Ikkala2407,
	author = {Ikkala, Olli and ten Brinke, Gerrit},
	title = {Functional Materials Based on Self-Assembly of Polymeric Supramolecules},
	volume = {295},
	number = {5564},
	pages = {2407--2409},
	year = {2002},
	journal = {Science}
}

@Article{dogic-fraden_fil,
author  = "Z. Dogic and S. Fraden",
journal = "Curr. Opin. Colloid  Interface Sci.",
year    = "2006",
volume  = "11",
pages   = "47"
}




@Article{         straley,
  author        = "J. P. Straley",
  journal       = "Phys. Rev. A",
  year          = "1973",
  volume        = "8",
  pages         = "2181"
}

@Article{kang_sm2016,
author ="Kang, Louis and Gibaud, Thomas and Dogic, Zvonimir and Lubensky, T. C.",
journal  ="Soft Matter",
year  ="2016",
volume  ="12",
issue  ="2",
pages  ="386-401",
}

@ARTICLE{shundyakinterface,
   author = {K. Shundyak and R. van Roij},
   title = {},
   journal = {J. Phys.: Condens. Matt.},
   year = 2001,
   volume = 13,
   pages = 4789,
}

@article{coles2005,
Author = {Coles, H. J. and Pivnenko, M. N.},
Title = {{Liquid crystal `blue phases' with a wide temperature range}},
Journal = {{Nature}},
Year = {{2005}},
Volume = {{436}},
Number = {{7053}},
Pages = {{997}},
}


@article{borsch2013 ,
Author = {Borshch, V. and Kim, Y. -K. and Xiang, J. and Gao, M. and Jakli, A. and   Panov, V. P. and Vij, J. K. and Imrie, C. T. and Tamba, M. G. and Mehl,   G. H. and Lavrentovich, O. D.},
Title = {{Nematic twist-bend phase with nanoscale modulation of molecular   orientation}},
Journal = {{Nat. Comm.}},
Year = {{2013}},
Volume = {{4}},
Pages = {{2635}},
}


@article{chung2011,
Author = {Chung, Woo-Jae and Oh, Jin-Woo and Kwak, Kyungwon and Lee, Byung Yang and Meyer, Joel and Wang, Eddie and Hexemer, Alexander and Lee,Seung-Wuk},
Title = {{Biomimetic self-templating supramolecular structures}},
Journal = {{Nature}},
Year = {{2011}},
Volume = {{478}},
Number = {{7369}},
Pages = {{364}},
}


@article{corrigan2006,
Author = {Corrigan, Adam M. and Mueller, Christian and Krebs, Mark R. H.},
Title = {{The formation of nematic liquid crystal phases by hen lysozyme amyloid  fibrils}},
Journal = {{J. Am. Chem. Soc.}},
Year = {{2006}},
Volume = {{128}},
Number = {{46}},
Pages = {{14740}},
}


@article{shopsowitz2010,
Author = {Shopsowitz, Kevin E. and Qi, Hao and Hamad, Wadood Y. and MacLachlan, Mark J.},
Title = {{Free-standing mesoporous silica films with tunable chiral nematic structures}},
Journal = {{Nature}},
Year = {{2010}},
Volume = {{468}},
Number = {{7322}},
Pages = {{422}},
}


@article{heux2000,
Author = {Heux, L and Chauve, G and Bonini, C},
Title = {{Nonflocculating and chiral-nematic self-ordering of cellulose microcrystals suspensions in nonpolar solvents}},
Journal = {{Langmuir}},
Year = {{2000}},
Volume = {{16}},
Number = {{21}},
Pages = {{8210}},
}



@article{kolli2016,
Author = {Kolli, Hima Bindu and Cinacchi, Giorgio and Ferrarini, Alberta and   Giacometti, Achille},
Title = {{Chiral self-assembly of helical particles}},
Journal = {{Farad. Discuss.}},
Year = {{2016}},
Volume = {{186}},
Pages = {{171}},
}


@article{katsonis2012a,
  title={Controlling chirality with helix inversion in cholesteric liquid crystals},
  author={Katsonis, N. and Lacaze, E. and Ferrarini, A.},
  journal={J. Mater. Chem.},
  volume={22},
  pages={7088},
  year={2012},
}

@article{engelkamp1999,
Author = {Engelkamp, H. and Middelbeek, S. and Nolte, R. J. M.},
Title = {{Self-assembly of disk-shaped molecules to coiled-coil aggregates with   tunable helicity}},
Journal = {{Science}},
Year = {{1999}},
Volume = {{284}},
Number = {{5415}},
Pages = {{785}},
}

@Article{barry2009,
author  = "E. Barry and D. Beller and Z. Dogic",
journal = "Soft Matter",
year    = "2009",
volume  = "5",
pages   = "2563"
}


@article{gao2011,
author = {Gao, Yan and Tang, Zhiyong},
title = {Design and Application of Inorganic Nanoparticle Superstructures: Current Status and Future challenges},
journal = {Small},
volume = {7},
number = {15},
pages = {2133},
year = {2011},
}


@article{dogic2016,
Author = {Dogic, Zvonimir},
Title = {{Filamentous Phages As a Model System in Soft Matter Physics}},
Journal = {{Front. Microbiol.}},
Year = {{2016}},
Volume = {{7}},
Pages = {{1013}},
}


@article{roij_njp2005,
  author={R. van Roij},
  title={The isotropic and nematic liquid crystal phase of colloidal rods},
  journal={Eur. Phys. J.},
  volume={26},
  number={5},
  pages={S57},
  year={2005},
}
	

@ARTICLE{herzfeldgrid,
   author = {J. Herzfeld and A. E. Berger and J. W. Wingate},
   title = {},
   journal = {Macromolecules},
   year = 1984,
   volume =17,
   pages = 1718,
}

@article{kolli2014a,
  title={Communication: From rods to helices: Evidence of a screw-like nematic phase},
  author={Kolli, H.~B. and Frezza, E. and Cinacchi, G. and Ferrarini, A. and Giacometti, A. and Hudson, T.~S.},
  journal={J. Chem. Phys.},
  volume={140},
  pages={081101},
  year={2014},
}



@article{emelyanenko2000,
Author = {Emelyanenko, A. V. and Osipov, M. A. and Dunmur, D. A.},
Title = {{Molecular theory of helical sense inversions in chiral nematic liquid crystals}},
Journal = {{Phys. Rev. E}},
Year = {{2000}},
Volume = {{62}},
Number = {{2, A}},
Pages = {{2340}},
}


@article{wilson2005,
  title={Progress in computer simulations of liquid crystals},
  author={Wilson, M. R.},
  journal={Int. Rev. Phys. Chem.},
  volume={24},
  pages={421},
  year={2005},
}


@article{germano2002a,
  title={Simultaneous calculation of the helical pitch and the twist elastic constant in chiral liquid crystals from intermolecular torques},
  author={Germano, G. and Allen, M.~P. and Masters, A.~J.},
  journal={J. Chem. Phys.},
  volume={116},
  pages={9422},
  year={2002},
}


@Article{meervertogenJCP,
author  = "B. W. van der Meer and G. Vertogen and A. J. Dekker and J. G. J. Ypma",
journal = "J. Chem. Phys.",
year    = "1976",
volume  = "65",
pages   = "3935"
}


@Article{goossens71,
author  = "W. J. A. Goossens",
journal = "Mol. Cryst. Liq. Cryst.",
year    = "1971",
volume  = "12",
pages   = "237"
}



@article{memmer1993,
Author = {Memmer, R and Kuball, H G and Sch\"{o}nhofer, A},
Title = {{COMPUTER-SIMULATION OF CHIRAL LIQUID-CRYSTAL PHASES .1. THE POLYMORPHISM
   OF THE CHIRAL GAY BERNE FLUID}},
Journal = {{Liq. Cryst.}},
Year = {{1993}},
Volume = {{15}},
Number = {{3}},
Pages = {{345}},
}

@article{berardi_zannoni1998,
Author = {Berardi, R and Kuball, H G and Memmer, R and Zannoni, C},
Journal = {J. Chem. Soc., Faraday Trans.},
Year = {1998},
Volume = {94},
Pages = {1229},
}


@Article{vargachiral,
author  = "S. Varga and G. Jackson",
journal = "Chem. Phys. Lett.",
year    = "2003",
volume  = "377",
pages   = "6"
}


@Article{vargachiral1,
author  = "S. Varga and G. Jackson",
journal = "Mol. Phys.",
year    = "2006",
volume  = "104",
pages   = "3681"
}

@ARTICLE{tortora2017,
   author = {{Tortora}, M.~M.~C. and {Doye}, J.~P.~K.},
    title = "{Generalised density functional methods for cholesteric liquid crystals}",
  journal = {ArXiv e-prints},
archivePrefix = "arXiv",
   eprint = {1702.06377},
 primaryClass = "cond-mat.soft",
 keywords = {Condensed Matter - Soft Condensed Matter},
     year = 2017,
    month = feb,
   adsurl = {http://adsabs.harvard.edu/abs/2017arXiv170206377T},
  adsnote = {Provided by the SAO/NASA Astrophysics Data System}
}


@article{allen2016a,
author = {Michael P. Allen},
title = {Density functional theory for chiral nematic liquid crystals},
journal = {Mol. Phys.},
volume = {114},
number = {18},
pages = {2574},
year = {2016},
}


@article{lubensky1996,
Author = {Lubensky, T. C. and Kamien, R. D. and Stark, H.},
Title = {{Chiral fluctuations and structures}},
Journal = {{Mol. Cryst. Liq. Cryst.}}, 
Year = {{1996}},
Volume = {{288}},
Pages = {{15}},
}


@article{stegemeyer1989,
Author = {Stegemeyer, H. and Siemensmeyer, K. and Sucrow, W. and Appel, L},
Title = {{LIQUID-CRYSTALLINE NORCHOLESTERYLESTERS - INFLUENCE OF THE AXIAL  METHYLGROUPS ON THE PHASE-TRANSITIONS AND THE CHOLESTERIC HELIX}},
Journal = {{Z. Naturforsch. A}}, 
Year = {{1989}},
Volume = {{44}},
Number = {{11}},
Pages = {{1127}},
}

@article{muller1973,
Author = {Muller, W. U. and Stegemeyer, H.},
Title = {{BIREFRINGENCE OF COMPENSATED CHOLESTERIC LIQUID-CRYSTALS}},
Journal = {{Ber. Bunsenges. Phys. Chem.}},
Year = {{1973}},
Volume = {{77}},
Number = {{1}},
Pages = {{20}},
}


@Article{watanabe1988,
author  = "J. Watanabe and T. Nagase",
journal = "Macromolecules",
year    = "1988",
volume  = "21",
pages   = "171"
}

@article{toriumi1983,
Author = {Toriumi, H. and Yahagi, K. and Uematsu, I. and Uematsu, Y.},
Title = {{CHOLESTERIC STRUCTURE OF LYOTROPIC POLY (GAMMA-BENZYL L-GLUTAMATE) LIQUID-CRYSTALS}},
Journal = {{Mol. Cryst.Liq. Cryst.}},
Year = {{1983}},
Volume = {{94}},
Number = {{3-4}},
Pages = {{267}},
}


@Article{yamagishi1990,
author  = "T. Yamagishi and T. Fukada and T. Miyamoto and T. Ichizuka and J. Watanabe",
journal = "Liq. Cryst.",
year    = "1990",
volume  = "7",
pages   = "155"
}

@article{slaney1992,
Author = {Slaney, A. J. and Nishiyama, I. and Styring, P. and Goodby, J. W.},
Title = {{TWIST INVERSION IN A CHOLESTERIC MATERIAL CONTAINING A SINGLE CHIRAL   CENTER}},
Journal = {{J. Mat. Chem.}},
Year = {{1992}},
Volume = {{2}},
Number = {{8}},
Pages = {{805}},
}


@article{mathews2010,
Author = {Mathews, Manoj and Zola, Rafael S. and Hurley, Shawn and Yang, Deng-Ke and White, Timothy J. and Bunning, Timothy J. and Li, Quan},
Title = {{Light-Driven Reversible Handedness Inversion in Self-Organized Helical   Superstructures}},
Journal = {{J. Am. Chem. Soc.}},
Year = {{2010}},
Volume = {{132}},
Number = {{51}},
Pages = {{18361}},
}


@article{usov2015,
Author = {Usov, Ivan and Nystroem, Gustav and Adamcik, Jozef and Handschin, Stephan and Schutz, Christina and Fall, Andreas and Bergstrom, Lennart and Mezzenga, Raffaele},
Title = {{Understanding nanocellulose chirality and structure-properties relationship at the single fibril level}},
Journal = {{Nat. Comm.}},
Year = {{2015}},
Volume = {{6}},
Pages = {{7564}},
}


@article{wensink2015a,
  title={Chiral assembly of weakly curled hard rods: Effect of steric chirality and polarity},
  author={Wensink, H. H. and Morales-Anda, L.},
  journal = {J. Chem. Phys.},
  volume={143},
  pages={144907},
  year={2015},
}


@article{kolli2014b,
  title={Self-assembly of hard helices: a rich and unconventional polymorphism},
  author={Kolli, H.~B. and Frezza, E. and Cinacchi, G. and Ferrarini, A. and Giacometti, A. and Hudson, T.~S. and De Michele, C. and Sciortino, F.},
  journal={Soft Matter},
  volume={10},
  pages={8171},
  year={2014},
}

@article{hamley2010,
Author = {Hamley, I. W.},
Title = {{Liquid crystal phase formation by biopolymers}},
Journal = {{Soft Matter}},
Year = {{2010}},
Volume = {{6}},
Number = {{9}},
Pages = {{1863}},
}


@article{dogic2000a,
  title={Cholesteric phase in virus suspensions},
  author={Dogic, Z. and Fraden, S.},
  journal={Langmuir},
  volume={16},
  pages={7820},
  year={2000},
}


@article{lagerwall2014a,
  title={Cellulose nanocrystal-based materials: from liquid crystal self-assembly and glass formation to multifunctional thin films},
  author={Lagerwall, J. P. F. and Sch{\"u}tz, C. and Salajkov\'{a}, M. and Noh, J. and Park, J. H. and Scalia, G. and Bergstr{\"o}m, L.},
  journal={NPG Asia Mater.},
  volume={6},
  pages={e80},
  year={2014},
}


@article{giraud1992,
Author = {Giraud-Guille, M. M.},
Journal = {{J.  Mol. Biol.}},
Year = {{1992}},
Volume = {{224}},
Number = {{3}},
Pages = {{861}},
}


@article{gray-cullulose,
author  = "R. S. Werbowyj and D. G. Gray",
journal = "Mol. Cryst. Liq. Cryst.",
year    = "1976",
volume  = "34",
pages   = "97"
}

@ARTICLE{livolant1996,
   author = {F. Livolant and A. Leforestier},
   title = {},
   journal = {Prog. Polym. Sci.},
   year = 1996,
   volume = 21,
   pages = 1115,
}


@article{rey2010,
Author = {Rey, Alejandro D.},
Title = {{Liquid crystal models of biological materials and processes}},
Journal = {{Soft Matter}},
Year = {{2010}},
Volume = {{6}},
Number = {{15}},
Pages = {{3402}},
}


@article{mitov2016,
Author = {Mitov, Michel},
Title = {{Cholesteric Liquid Crystals with a Broad Light Reflection Band}},
Journal = {{Adv. Mater.}},
Year = {{2012}},
Volume = {{24}},
Number = {{47}},
Pages = {{6260}},
}


@Article{tombolato2006,
author  = "F. Tombolato and A. Ferrarini and E. Grelet",
journal = "Phys. Rev. Lett.",
year    = "2006",
volume  = "96",
pages   = "258302"
}



@article{grelet-fraden_chol,
        author = {Grelet, Eric   and Fraden, Seth  },
        journal = {Phys. Rev. Lett.},
        number = {19},
        pages = {198302},
        volume = {90},
        year = {2003}
}



@article{rossi2015,
Author = {Rossi, Laura and Sacanna, Stefano and Velikov, Krassimir P.},
Title = {{Cholesteric colloidal liquid crystals from phytosterol rod-like particles}},
Journal = {{Soft Matter}},
Year = {{2011}},
Volume = {{7}},
Number = {{1}},
Pages = {{64}},
}


@article{belamie2004,
  author={Belamie, E. and Davidson, P. and Giraud-Guille, M. M.},
  journal={J. Phys. Chem. B},
  volume={108},
  pages={14991},
  year={2004},
}

@article{giraud2008a,
  title={Liquid crystallinity in collagen systems in vitro and in vivo},
  author={Giraud-Guille, M. M. and Mosser, G. and Belamie, E.},
  journal={Curr. Opin. Colloid Interface Sci.},
  volume={13},
  pages={303},
  year={2008}
}

@article{zanchetta2010a,
  title={Right-handed double-helix ultrashort DNA yields chiral nematic phases with both right-and left-handed director twist},
  author={Zanchetta, G. and Giavazzi, F. and Nakata, M. and Buscaglia, M. and Cerbino, R. and Clark, N. A. and Bellini, T.},
  Journal = {Proc. Nat. Acad. Sci. (USA)},
  volume={107},
  pages={17497},
  year={2010},
}



@article{schutz2015,
  title={Rod Packing in Chiral Nematic Cellulose Nanocrystal Dispersions Studied by Small-Angle X-ray Scattering and Laser Diffraction},
  author={Sch{\"u}tz, C. and Agthe, M. and Fall, A.~B. and Gordeyeva, K. and Guccini, V. and Salajkov{\'a}, M. and Plivelic, T. S. and Lagerwall, J. P. F. and Salazar-Alvarez, G. and Bergstr{\"o}m, L.},
  journal={Langmuir},
  volume={31},
  pages={6507},
  year={2015}
}

@Article{dupreduke75,
author  = "D. B. DuPr\'{e} and R. W. Duke",
journal = "J. Chem. Phys.",
year    = "1975",
volume  = "63",
pages   = "143"
}


@article{dogicfraden2000,
        author = {Dogic, Z.  and Fraden, S. },
        journal = {Langmuir},
        pages = {7820},
        priority = {2},
        volume = {16},
        year = {2000}
}

@Article{straley76,
author  = "J. P. Straley",
journal = "Phys. Rev. A",
year    = "1976",
volume  = "14",
pages   = "1835"
}

@ARTICLE{poni1988,
   author = {A. Poniewierski and R. Holyst},
   title = {},
   journal = {Phys. Rev. Lett.},
   year = 1988,
   volume = 61,
   pages = 2461,
}

@article{yamashita_2004,
author = { Mamoru   Yamashita },
title = {Fluctuation Spectrum of Director in Cholesteric Phase with External Field},
journal = {Mol. Cryst. Liq. Cryst.},
volume = {409},
number = {1},
pages = {219},
year = {2004},
}


@article{yoshioka_epl2012,
Author = {Yoshioka, J. and Takanishi, Y. and Yamamoto, J.},
Title = {{Dispersion relations of director fluctuations along the direction   perpendicular to the helical axis in cholesteric liquid crystals}},
Journal = {{EPL}},
Year = {{2012}},
Volume = {{98}},
Number = {{1}},
Pages = {{16006}},
}

@BOOK{gennes-prost,
   author = {P. G. de Gennes and J. Prost},
   title = {The Physics of Liquid Crystals},
   publisher ={Clarendon Press},
   address= {Oxford},
   year = 1993,
}

@ARTICLE{Onsager49,
   author = {L. Onsager},
   title = {},
   journal = {Ann. N.Y. Acad. Sci.},
   year = 1949,
   volume = 51,
   pages = 627,
}

@article{dussi2015a,
  title={Cholesterics of colloidal helices: Predicting the macroscopic pitch from the particle shape and thermodynamic state},
  author={Dussi, S. and Belli, S. and van Roij, R. and Dijkstra, M.},
  journal={J. Chem. Phys.},
  volume={142},
  pages={074905},
  year={2015},
}


@article{belli2014a,
  title = {Density functional theory for chiral nematic liquid crystals},
  author = {Belli, S. and Dussi, S. and Dijkstra, M. and van Roij, R.},
  journal = {Phys. Rev. E},
  volume = {90},
  pages = {020503},
  year = {2014},
  doi = {10.1103/PhysRevE.90.020503},
}


@article{godinho_sr2016,
Author = {Silva, Pedro E. S. and Trigueiros, Joao L. and Trindade, Ana C. and
   Simoes, Ricardo and Dias, Ricardo G. and Godinho, Maria Helena and de   Abreu, Fernao Vistulo},
Title = {{Perversions with a twist}},
Journal = {{Sci. Rep.}},
Year = {{2016}},
Volume = {{6}},
Pages = {{23413}},
}


@ARTICLE{vroege92,
   author = {G. J. Vroege and H. N. W. Lekkerkerker},
   title = {},
   journal = {Rep. Prog. Phys.},
   year = 1992,
   volume = 55,
   pages = 1241,
}

@Article{kuhnhold_jcp2016,
author ="A. Kuhnhold and T. Schilling",
journal  ="J. Chem. Phys.",
year  ="2016",
volume  ="145",
pages  ="194904",
}


@Article{ruzicka_sm2016,
author ="Ruzicka, Stepan and Wensink, Henricus H.",
title  ="Simulating the pitch sensitivity of twisted nematics of patchy rods",
journal  ="Soft Matter",
year  ="2016",
volume  ="12",
issue  ="23",
pages  ="5205",
}



@article{wensink_epl2014,
  author={H. H. Wensink},
  title={Spontaneous sense inversion in helical mesophases},
  journal={EPL},
  volume={107},
  number={3},
  pages={36001},
  year={2014},
}
	

@Article{straleychiral,
author  = "J. P. Straley",
journal = "Phys. Rev. A",
year    = "1976",
volume  = "14",
pages   = "1835"
}

@Article{         wensinkjackson,
  author        = "H. H. Wensink and G. Jackson",
  journal       = "J. Chem. Phys.",
  volume        = "130",
  pages         = "234911",
  year          = "2009"
}


@Article{allenevans,
author  = "M. P. Allen and G. T. Evans and D. Frenkel and B. M. Mulder",
journal = "Adv. Chem. Phys. ",
year    = "1993",
volume  = "86",
pages   = "1"
}

@ARTICLE{odijkelastic,
   author = {T.  Odijk},
   title = {},
   journal = {Liq. Cryst.},
   year = 1986,
   volume =1,
   pages = 553,
}

@article{melle2013,
Author = {Melle, Michael and Theile, Madlona and Hall, Carol K. and Schoen, Martin},
Title = {{Nanoconfinement-Induced Structures in Chiral Liquid Crystals}},
Journal = {{Int. J. Mol. Sci.}},
Year = {{2013}},
Volume = {{14}},
Number = {{9}},
Pages = {{17584}},
}


@article{barry2009direct,
  title={Direct measurement of the twist penetration length in a single smectic A layer of colloidal virus particles},
  author={Barry, E. and Dogic, Z. and Meyer, R. B. and Pelcovits, R. A. and Oldenbourg, R.},
  journal={J. Phys. Chem. B},
  volume={113},
  number={12},
  pages={3910--3913},
  year={2009},
  publisher={ACS Publications}
}


@article{kuhnhold2022colloidal,
  title={Colloidal membranes of chiral rod-like particles},
  author={Kuhnhold, Anja and G{\"o}th, Nils and Helmer, Nadja},
  journal={Soft Matter},
  volume={18},
  number={4},
  pages={905--921},
  year={2022},
  publisher={Royal Society of Chemistry}
}

@article{mundoor2021,
  title = {Thermally reconfigurable monoclinic nematic colloidal fluids},
  author = {Mundoor, H. and Wu, J-. S. and Wensink, H. H. and Smalyukh, I. I.},
  journal = {Nature},
  volume = {590},
  pages = {268},
  year = {2021},
}



@Article{mundoor2018,
  author        = {Mundoor, H. and Park, S. and Senyuk, B. and Wensink, H. H. and Smalyukh, I. I.},
  title         = {Hybrid molecular-colloidal liquid crystals},
  journal       = {Science},
  year          = 2018,
  volume        = 360,
  pages         = 768,
}


@article{onsager1949,
  title={The effects of shape on the interaction of colloidal particles},
  author={L. Onsager},
  journal={Ann. N. Y. Acad. Sci},
  volume={51},
  number={4},
  pages={627--659},
  year={1949},
}


@article{rapini1969,
  title={Distorsion d'une lamelle n{\'e}matique sous champ magn{\'e}tique conditions d'ancrage aux parois},
  author={A. Rapini and M. Papoular},
  journal={J. Phys. Colloq. (France)},
  volume={30},
  number={C4},
  pages={C4--54},
  year={1969},
  publisher={EDP Sciences}
}



@article{stark2001,
title = {Physics of colloidal dispersions in nematic liquid crystals},
author = {H. Stark},
journal = {Phys. Rep.},
volume = {351},
number = {6},
pages = {387},
year = {2001},
}


@article{poulin1997novel,
  title={Novel colloidal interactions in anisotropic fluids},
  author={P. Poulin and H. Stark and T. C. Lubensky and D. A. Weitz},
  journal={Science},
  volume={275},
  number={5307},
  pages={1770--1773},
  year={1997},
  publisher={American Association for the Advancement of Science}
}

@article {liu2016,
	author = {Q. Liu and P. J. Ackerman and T. C. Lubensky and I. I. Smalyukh},
	title = {Biaxial ferromagnetic liquid crystal colloids},
	volume = {113},
	number = {38},
	pages = {10479},
	year = {2016},
	journal = {Proc. Natl. Acad. Sci. U.S.A.}
}

@article{mundoor2021,
  title = {Thermally reconfigurable monoclinic nematic colloidal fluids},
  author = {H. Mundoor and J.-S. Wu and H. H. Wensink and I. I. Smalyukh},
  journal = {Nature},
  volume = {590},
  pages = {268},
  year = {2021},
}

@Article{allenevans93,
author  = "M. P. Allen and G. T. Evans and D. Frenkel and B. M. Mulder",
  title={Hard convex body fluids},
journal = "Adv. Chem. Phys. ",
year    = "1993",
volume  = "86",
pages   = "1"
}

@BOOK{gennes-prost,
   author = {P. G. de Gennes and J. Prost},
   title = {The Physics of Liquid Crystals},
   publisher ={Clarendon Press},
   address= {Oxford},
   year = 1993,
}

@Article{mundoor2018,
  author        = {H. Mundoor and S. Park and B. Senyuk and H. H. Wensink and I. I. Smalyukh},
  title         = {Hybrid molecular-colloidal liquid crystals},
  journal       = {Science},
  year          = 2018,
  volume        = 360,
  pages         = 768,
}

@article{poniewierski1988nematic,
  title={Nematic alignment at a solid substrate: The model of hard spherocylinders near a hard wall},
  author={A. Poniewierski and R. Holyst},
  journal={Phys.  Rev.  A},
  volume={38},
  number={7},
  pages={3721},
  year={1988},
}


@article{shundyak2001isotropic,
  title={Isotropic-nematic interfaces of hard-rod fluids},
  author={K. Shundyak and R. van Roij},
  journal={J. Phys.: Condens. Matter},
  volume={13},
  number={21},
  pages={4789},
  year={2001},
  publisher={IOP Publishing}
}



@ARTICLE{odijkelastic,
   author = {T. Odijk},
     title={Elastic constants of nematic solutions of rod-like and semi-flexible polymers},
   journal = {Liq. Cryst.},
   year = 1986,
   volume =1,
   pages = 553,
}

@article{wensink2005nematic,
  title={Nematic order of model goethite nanorods in a magnetic field},
  author={H. H. Wensink and G. J. Vroege,},
  journal={Phys. Rev. E},
  volume={72},
  number={3},
  pages={031708},
  year={2005},
  publisher={APS}
}


@article{szalai1998external,
  title={External field induced paranematic--nematic phase transitions in rod-like systems},
  author={S. Varga and G. Jackson and I. Szalai},
  journal={Mol. Phys.},
  volume={93},
  number={3},
  pages={377--387},
  year={1998},
  publisher={Taylor \& Francis}
}



@article{straley1976theory,
  title={Theory of piezoelectricity in nematic liquid crystals, and of the cholesteric ordering},
  author={J. P. Straley},
  journal={Phys.  Rev. A},
  volume={14},
  number={5},
  pages={1835},
  year={1976},
  publisher={APS}
}

@article{allen2016density,
  title={Density functional theory for chiral nematic liquid crystals},
  author={M. P. Allen},
  journal={Mol.  Phys. },
  volume={114},
  number={18},
  pages={2574--2579},
  year={2016},
  publisher={Taylor \& Francis}
}


@article{brochard1970theory,
  title={Theory of magnetic suspensions in liquid crystals},
  author={F. Brochard and P. G. de Gennes},
  journal={J. Phys.},
  volume={31},
  number={7},
  pages={691--708},
  year={1970},
  publisher={Soci{\'e}t{\'e} Fran{\c{c}}aise de Physique}
}




@article{senyuk2021nematoelasticity,
  title={Nematoelasticity of hybrid molecular-colloidal liquid crystals},
  author={B. Senyuk and H. Mundoor and I. I. Smalyukh and H. H. Wensink},
  journal={Phys. Rev. E},
  volume={104},
  number={1},
  pages={014703},
  year={2021},
}


@article{vroege1992phase,
  title={Phase transitions in lyotropic colloidal and polymer liquid crystals},
  author={G. J. Vroege and H. N. W. Lekkerkerker},
  journal={Rep. Prog. Phys.},
  volume={55},
  number={8},
  pages={1241},
  year={1992},
  publisher={IOP Publishing}
}

@article{priest1974biaxial,
  title={Biaxial model of cholesteric liquid crystals},
  author={R. G. Priest and T. C. Lubensky},
  journal={Physical Review A},
  volume={9},
  number={2},
  pages={893},
  year={1974},
  publisher={APS}
}

@article{kroin1989chirality,
  title={Chirality-induced biaxiality at the uniaxial-to-biaxial cholesteric phase transition},
  author={T. Kroin and A. M. Figueiredo Neto and L. Li{\'e}bert and Y. Galerne},
  journal={Physical Review A},
  volume={40},
  number={8},
  pages={4647},
  year={1989},
  publisher={APS}
}

@article{bunning1986effect,
  title={The effect of molecular biaxiality on the bulk properties of some nematic liquid crystals},
  author={J. D. Bunning and D. A. Crellin and T. E. Faber},
  journal={Liquid crystals},
  volume={1},
  number={1},
  pages={37--51},
  year={1986},
  publisher={Taylor \& Francis}
}

@article{dussi2016entropy,
  title={Entropy-driven formation of chiral nematic phases by computer simulations},
  author={S. Dussi and M. Dijkstra},
  journal={Nature Communications},
  volume={7},
  number={1},
  pages={1--10},
  year={2016},
  publisher={Nature Publishing Group}
}

@article{dhakal2011chirality,
  title={Chirality and biaxiality in cholesteric liquid crystals},
  author={S. Dhakal and J. V. Selinger},
  journal={Physical Review E},
  volume={83},
  number={2},
  pages={020702},
  year={2011},
  publisher={APS}
}

@article{longa1994biaxiality,
  title={Biaxiality of chiral liquid crystals},
  author={L. Longa and W. Fink and H.-R. Trebin},
  journal={Physical Review E},
  volume={50},
  number={5},
  pages={3841},
  year={1994},
  publisher={APS}
}

@article{canevari2015biaxiality,
  title={Biaxiality in the asymptotic analysis of a 2D Landau- de Gennes model for liquid crystals},
  author={Canevari, G.},
  journal={ESAIM: Control, Optimisation and Calculus of Variations},
  volume={21},
  number={1},
  pages={101--137},
  year={2015},
  publisher={EDP Sciences}
}

@article{harris1997microscopic,
  title={Microscopic origin of cholesteric pitch},
  author={Harris, A. B. and Kamien, R. D. and Lubensky, T. C.},
  journal={Physical review letters},
  volume={78},
  number={8},
  pages={1476},
  year={1997},
  publisher={APS}
}

@article{harris1999molecular,
  title={Molecular chirality and chiral parameters},
  author={Harris, A. B. and Kamien, R. D. and Lubensky, T. C.},
  journal={Reviews of Modern Physics},
  volume={71},
  number={5},
  pages={1745},
  year={1999},
  publisher={APS}
}

@article{song2007interlayer,
  title={Interlayer interactions and the dependence of biaxiality of the chiral smectic-C* phase on electric field in the helical unwinding process},
  author={Song, J.-K. and Vij, J. K. and Kobayashi, I.},
  journal={Physical Review E},
  volume={75},
  number={5},
  pages={051705},
  year={2007},
  publisher={APS}
}

@article{mundoor2019electrostatically,
  title={Electrostatically controlled surface boundary conditions in nematic liquid crystals and colloids},
  author={Mundoor, H. and Senyuk, B. and Almansouri, M. and Park, S. and Fleury, B. and Smalyukh, I. I.},
  journal={Science advances},
  volume={5},
  number={9},
  pages={eaax4257},
  year={2019},
  publisher={American Association for the Advancement of Science}
}


@article{yang2012one,
  title={One-Step Hydrothermal Synthesis of Carboxyl-Functionalized Upconversion Phosphors for Bioapplications},
  author={Yang, J. and Shen, D. and Li, X. and Li, W. and Fang, Y. and Wei, Y. and Yao, C. and Tu, B. and Zhang, F. and Zhao, D.},
  journal={Chemistry--A European Journal},
  volume={18},
  number={43},
  pages={13642--13650},
  year={2012},
  publisher={Wiley Online Library}
}


@article{wang2007controlled,
  title={Controlled synthesis and luminescence of lanthanide doped NaYF4 nanocrystals},
  author={Wang, L. and Li, Y.},
  journal={Chemistry of Materials},
  volume={19},
  number={4},
  pages={727--734},
  year={2007},
  publisher={ACS Publications}
}

@article{liu2014electrically,
  title={Electrically and optically tunable plasmonic guest--host liquid crystals with long-range ordered nanoparticles},
  author={Liu, Q. and Yuan, Y. and Smalyukh, I. I.},
  journal={Nano letters},
  volume={14},
  number={7},
  pages={4071--4077},
  year={2014},
  publisher={ACS Publications}
}

@article{mundoor2015mesostructured,
  title={Mesostructured composite materials with electrically tunable upconverting properties},
  author={Mundoor, H. and Smalyukh, I. I.},
  journal={Small},
  volume={11},
  number={41},
  pages={5572--5580},
  year={2015},
  publisher={Wiley Online Library}
}

@article{evans2011alignment,
  title={Alignment of high-aspect ratio colloidal gold nanoplatelets in nematic liquid crystals},
  author={Evans, J. S. and Beier, C. N. and Smalyukh, I. I.},
  journal={Journal of Applied Physics},
  volume={110},
  number={3},
  pages={033535},
  year={2011},
  publisher={American Institute of Physics}
}

@article{lee2010multimodal,
  title={Multimodal nonlinear optical polarizing microscopy of long-range molecular order in liquid crystals},
  author={Lee, T. and Trivedi, R. P. and Smalyukh, I. I.},
  journal={Optics letters},
  volume={35},
  number={20},
  pages={3447--3449},
  year={2010},
  publisher={Optical Society of America}
}

@article{ravnik2009landau,
  title={Landau--de Gennes modelling of nematic liquid crystal colloids},
  author={Ravnik, M. and {\v{Z}}umer, S.},
  journal={Liquid Crystals},
  volume={36},
  number={10-11},
  pages={1201--1214},
  year={2009},
  publisher={Taylor \& Francis}
}

@article{mori1999multidimensional,
  title={Multidimensional director modeling using the Q tensor representation in a liquid crystal cell and its application to the $\pi$ cell with patterned electrodes},
  author={Mori, H. and Gartland, Jr. E. C. and Kelly, J. R. and Bos, P. J.},
  journal={Japanese journal of applied physics},
  volume={38},
  number={1R},
  pages={135},
  year={1999},
  publisher={IOP Publishing}
}

@article{fornberg2015solving,
  title={Solving PDEs with radial basis functions},
  author={Fornberg, B. and Flyer, N.},
  journal={Acta Numerica},
  volume={24},
  pages={215--258},
  year={2015},
  publisher={Cambridge University Press}
}

@article{planer1861notiz,
  title={Notiz {\"u}ber das cholestearin},
  author={Planer, J.},
  journal={Annalen der Chemie und Pharmacie},
  volume={118},
  pages={25--27},
  year={1861}
}

@article{reinitzer1888beitrage,
  title={Beitr{\"a}ge zur kenntniss des cholesterins},
  author={Reinitzer, F.},
  journal={Monatshefte f{\"u}r Chemie und verwandte Teile anderer Wissenschaften},
  volume={9},
  number={1},
  pages={421--441},
  year={1888},
  publisher={Springer}
}

@article{wu2022hopfions,
  title={Hopfions, heliknotons, skyrmions, torons and both abelian and nonabelian vortices in chiral liquid crystals},
  author={Wu, J.-S. and Smalyukh, I. I.},
  journal={Liquid Crystals Reviews},
  pages={1--35},
  year={2022},
  publisher={Taylor \& Francis}
}

@article{freiser1970ordered,
  title={Ordered states of a nematic liquid},
  author={Freiser, M. J.},
  journal={Physical Review Letters},
  volume={24},
  number={19},
  pages={1041},
  year={1970},
  publisher={APS}
}

@article{tschierske2010biaxial,
  title={Biaxial nematic phases},
  author={Tschierske, C. and Photinos, D. J.},
  journal={Journal of Materials Chemistry},
  volume={20},
  number={21},
  pages={4263--4294},
  year={2010},
  publisher={Royal Society of Chemistry}
}

@article{yu1980observation,
  title={Observation of a biaxial nematic phase in potassium laurate-1-decanol-water mixtures},
  author={Yu, L. J. and Saupe, A.},
  journal={Physical Review Letters},
  volume={45},
  number={12},
  pages={1000},
  year={1980},
  publisher={APS}
}

@article{beller2014geometry,
  title={Geometry of the cholesteric phase},
  author={Beller, D. A. and Machon, T. and {\v{C}}opar, S. and Sussman, D. M. and Alexander, G. P. and Kamien, R. D. and Mosna, R. A.},
  journal={Physical Review X},
  volume={4},
  number={3},
  pages={031050},
  year={2014},
  publisher={APS}
}

@article{mottram2014introduction,
  title={Introduction to Q-tensor theory},
  author={Mottram, N. J. and Newton, C. J. P.},
  journal={arXiv preprint arXiv:1409.3542},
  year={2014}
}

@article{kuijk2011synthesis,
  title={Synthesis of monodisperse, rodlike silica colloids with tunable aspect ratio},
  author={Kuijk, A. and Van Blaaderen, A. and Imhof, A.},
  journal={Journal of the American Chemical Society},
  volume={133},
  number={8},
  pages={2346--2349},
  year={2011},
  publisher={ACS Publications}
}

@article{hagemans2016synthesis,
  title={Synthesis of cone-shaped colloids from rod-like silica colloids with a gradient in the etching rate},
  author={Hagemans, F. and van Der Wee, E. B. and van Blaaderen, A. and Imhof, A.},
  journal={Langmuir},
  volume={32},
  number={16},
  pages={3970--3976},
  year={2016},
  publisher={ACS Publications}
}

@article{mermin1979topological,
  title={The topological theory of defects in ordered media},
  author={Mermin, N. D.},
  journal={Reviews of Modern Physics},
  volume={51},
  number={3},
  pages={591},
  year={1979},
  publisher={APS}
}

@article{schneider2012nih,
  title={NIH Image to ImageJ: 25 years of image analysis},
  author={Schneider, C. A. and Rasband, W. S. and Eliceiri, K. W.},
  journal={Nature methods},
  volume={9},
  number={7},
  pages={671--675},
  year={2012},
  publisher={Nature Publishing Group}
}

@article{efrati2014orientation,
  title={Orientation-dependent handedness and chiral design},
  author={Efrati, E. and Irvine, W. T. M.},
  journal={Physical Review X},
  volume={4},
  number={1},
  pages={011003},
  year={2014},
  publisher={APS}
}