

@ARTICLE{livolantDNAoverview,
   author = {F. Livolant and A. Leforestier},
   title = {},
   journal = {Prog. Polym. Sci.},
   year = 1996,
   volume = 21,
   pages = 1115,
}
@ARTICLE{stroobants-bi,
   author = {A. Stroobants},
   title = {},
   journal = {Phys. Rev. Lett.},
   year = 1992,
   volume = 69,
   pages = 14,
}
@ARTICLE{taylor-self,
   author = {M. P. Taylor and J. Herzfeld},
   title = {},
   journal = {Langmuir},
   year = 1990,
   volume = 6,
   pages = 911,
}
@ARTICLE{schoot-hex,
   author = {P. van der Schoot},
   title = {},
   journal = {J. Chem. Phys.},
   year = 1996,
   volume = 104,
   pages = 1130,
}
@ARTICLE{khokhlov81,
   author = {A. R. Khokhlov and A. N. Semenov},
   title = {},
   journal = {Physica A},
   year = 1981,
   volume = 108,
   pages = 546,
}
@ARTICLE{kramerherzfeld-jcp,
   author = {E. M. Kramer and J. Herzfeld},
   title = {},
   journal = {J. Chem. Phys.},
   year = 1999,
   volume = 110,
   pages = 8825,
}
@ARTICLE{kramerherzfeld-pre,
   author = {E. M. Kramer and J. Herzfeld},
   title = {},
   journal = {Phys. Rev. E},
   year = 2000,
   volume = 61,
   pages = 6872,
}
@ARTICLE{graftmv,
   author = {H. Graf and H. L\"{o}wen},
   title = {},
   journal = {Phys. Rev. E},
   year = 1999,
   volume = 59,
   pages = 1932,
}
@ARTICLE{cinacchi,
   author = {G. Cinacchi and L. D. Gaetani and A. Tani},
   title = {},
   journal = {Phys. Rev. E},
   year = 2005,
   volume = 71,
   pages = 031703,
}
@ARTICLE{ermak,
   author = {D. L. Ermak},
   title = {},
   journal = {J. Chem. Phys.},
   year = 1975,
   volume = 62,
   pages = 4189,
}
@ARTICLE{holmweis,
   author = {C. Holm and J. J. Weis},
   title = {},
   journal = {Curr. Opin. Colloid Interface Sci.},
   year = 2005,
   volume = 10,
   pages = 133,
}
@ARTICLE{lowenDFT,
   author = {H. L\"{o}wen},
   title = {},
   journal = {Phys. Rep.},
   year = 1994,
   volume =237,
   pages = 249,
}
@ARTICLE{ramakrishnan,
   author = {T. V. Ramakrishnan and M. Yussouf},
   title = {},
   journal = {Phys. Rev. B},
   year = 1979,
   volume = 19,
   pages = 2775,
}
@ARTICLE{ramakrishnan77,
   author = {T. V. Ramakrishnan and M. Yussouf},
   title = {},
   journal= {Solid State Commun.},
   year = 1977,
   volume = 21,
   pages = 389,
}
@ARTICLE{frenkellc,
   author = {D. Frenkel},
   title = {},
   journal = {Liq. Cryst.},
   year = 1989,
   volume =5,
   pages = 929,
}
@ARTICLE{straley-zwanzig,
   author = {J. P. Straley},
   title = {},
   journal = {J. Chem. Phys.},
   year = 1972,
   volume = 57,
   pages = 3694,
}
@ARTICLE{shundyakROM,
   author = {K. Shundyak and R. van Roij},
   title = {},
   journal = {Phys. Rev. E},
   year = 2004,
   volume = 69,
   pages = 041703,
}
@ARTICLE{odijkendeffects,
   author = {T. Odijk},
   title = {},
   journal = {J. Chem. Phys.},
   year = 1990,
   volume = 93,

   pages = 5172,
}
@ARTICLE{philipwooding,
   author = {J. R. Philip and R. A. Wooding},
   title = {},
   journal = {J. Chem. Phys.},
   year = 1970,
   volume =52,
   pages = 953,
}
@ARTICLE{carnahanstarling,
   author = {N. F. Carnahan and K. E. Starling},
   title = {},
   journal = {J. Chem. Phys.},
   year = 1969,
   volume =51,
   pages = 635,
}
@ARTICLE{Lee87,
   author = {S. D. Lee},
   title = {},
   journal = {J. Chem. Phys.},
   year = 1987,
   volume = 87,
   pages = 4972,
 }
@ARTICLE{Lee89,
   author = {S. D. Lee},
   title = {},
   journal = {J. Chem. Phys.},
   year = 1989,
   volume = 89,
   pages = 7036,
}
@ARTICLE{lee-elastic,
   author = {S. D. Lee},
   title = {},
   journal = {Phys. Rev. A},
   year = 1989,
   volume = 39,
   pages = 3631,
}
@ARTICLE{FrenkelJPC88,
   author = {D. Frenkel},
   title = {},
   journal = {J. Phys. Chem.},
   year =1988,
   volume =92,
   pages = 3280,
}
@BOOK{israelachvili,
  author = {J. N. Israelachvili},
  year = 1991,
  title= {Intermolecular and surface forces},
  booktitle = {Intermolecular and surface forces},
  publisher = {Academic Press},
  address = {London}
}
@BOOK{hansenmcdonald,
  author = {J. P. Hansen and  I. R.  McDonald},
  year = 2006,
  title= {Theory of Simple Liquids},
  booktitle = {Theory of Simple Liquids},
  publisher = {Academic Press},
  address = {New York}
}
@BOOK{vertogendejeu,
  author = {G. Vertogen and W. H. de Jeu},
  year = 1988,
  title= {Thermotropic Liquid Crystals, Fundamentals},
  booktitle = {Thermotropic Liquid Crystals, Fundamentals},
  publisher = {Springer Ser. Chem. Phys.},
  address = {Berlin}
}



@BOOK{numrecipes,
  author = {W. H. Press},
  year = 1989,
  title = { et al., Numerical Recipes},
  booktitle = {Numerical Recipes},
  publisher = {Cambridge University Press},
  address = {New York}
}
@BOOK{callen,
  author = {H. B. Callen},
  year = 1985,
  title = {Thermodynamics and an Introduction to Thermostatistics},
  booktitle = {Thermodynamics and an Introduction to Thermostatistics},
  publisher = {John-Wiley and Sons Inc.},
  address = {New York}
}
@BOOK{dehoff,
  author = {R. T. DeHoff},
  year = 1993,
  title = {{Thermodynamics in Material Science}},
  booktitle = {},
  publisher = {McGraw Hill},
  address = {New York}
}

@ARTICLE{CampAllen,
   author = {P. J. Camp and M. P. Allen},
   title = {},
   journal = {Physica A},
   year =1996,
   volume =229,
   pages =410,
}
@BOOK{ryshik&gradstein,
  author = {I. S.  Gradshteyn and I. M. Ryzhik},
  year = 1994,
  title = {{Table of Integrals, Series and Products}},
  booktitle = {Table of Integrals, Series and Products},
  publisher = {Academic Press},
  address = {San Diego}
}
@ARTICLE{hemmer1999,
   author = {P. C. Hemmer},
   title = {},
   journal = {J. Stat. Phys.},
   year = 2000,
   volume =100,
   pages =3,
}
@ARTICLE{birshtein,
   author = {T. M. Birshtein and B. I. Kolegov and V. A. Pryamitsin},
   title = {},
   journal = {Polym. Sci. U.S.S.R.},
   year = 1988,
   volume =30,
   pages = 316,
}
@BOOK{byrd&friedman ,
  author = {P. F. Byrd and M. D. Friedman},
  year = 1954,
  title = {{Handbook of Elliptic Integrals for Engineers and Physicists}},
  booktitle = {Handbook of Elliptic Integrals for Engineers and Physicists},
  publisher = {Springer Verlag},
  address = {Berlin}
}

@ARTICLE{BartlettBHS,
   author = {P. Bartlett},
   title = {},
   journal = {J. Phys.: Condens. Matter},
   year = 1990,
   volume =2,
   pages = 4979,
}
@ARTICLE{vanderkooijrodplatemixtures,
   author = {F. M. van der Kooij and H.N.W. Lekkerkerker},
   title = {},
   journal = {Langmuir},
   year = 2000,
   volume =16,
   pages = 10144,
}

@ARTICLE{SaupeRP,
   author = {A. Saupe and P. Boonbrahm and L. J. Yu},
   title = {},
   journal = {J. Chim. Phys.},
   year = 1983,
   volume =80,
   pages = 7,
}
@ARTICLE{clarkecuestasear,
   author = {N. Clarke and J. A. Cuesta and R. P. Sear and P. Sollich and A. Speranza },
   title = {},
   journal = {J. Chem. Phys.},
   year = 2000,
   volume =113,
   pages = 5817,
}
@ARTICLE{wensinkbidikte,
   author = {H. H. Wensink and G. J. Vroege and H. N. W. Lekkerkerker },
   title = {},
   journal = {J. Phys. Chem. B},
   year =2001,
   volume =105,
   pages =10610 ,
}
@ARTICLE{cuestaspino,
   author = {J. A. Cuesta},
   title = {},
   journal = {Europhys. Lett.},
   year = 1999,
   volume =46,
   pages = 197,
}
@ARTICLE{tjiptomargo,
   author = {B. Tjipto-Margo and G. T. Evans},
   title = {},
   journal = {J. Chem. Phys.},
   year = 1990,
   volume = 93,
   pages = 4254,
}
@ARTICLE{campallenkofke ,
   author = {P. J. Camp and C. P. Mason and M. P. Allen and A. A. Khare and D. A. Kofke},
   title = {},
   journal = {J. Chem. Phys. },
   year = 1996,
   volume =105,
   pages = 2837,
}
@ARTICLE{mcgrother,
   author = {S. C. McGrother and D. C. Williamson and G. Jackson},
   title = {},
   journal = {J. Chem. Phys.},
   year = 1996,
   volume =104,
   pages = 6755,
}

@ARTICLE{williamson1998,
   author = {D. C. Williamson and G. Jackson},
   title = {},
   journal = {J. Chem. Phys.},
   year = 1998,
   volume =108,
   pages = 10294,
}


@ARTICLE{mcgrother1,
   author = {A. Gil-Villegas and S. C. McGrother and G. Jackson},
   title = {},
   journal = {Chem. Phys. Lett.},
   year = 1997,
   volume =269,
   pages = 441,
}

@ARTICLE{mcgrother2,
   author = {A. Gil-Villegas and S. C. McGrother and G. Jackson},
   title = {},
   journal = {Mol. Phys. },
   year = 1997,
   volume = 92,
   pages = 723,
}

@ARTICLE{mcgrother3,
   author = {S. C. McGrother and A. Gil-Villegas and G. Jackson},
   title = {},
   journal = {Mol. Phys. },
   year = 1998,
   volume = 95,
   pages = 657,
}


@ARTICLE{mcgrother4,
   author = {S. C. McGrother and A. Gil-Villegas and G. Jackson},
   title = {},
   journal = {J. Phys.:Condens. Matter},
   year = 1996,
   volume =8,
   pages = 9649,
}


@ARTICLE{barboy,
   author = {B. Barboy and W. M. Gelbart},
   title = {},
   journal = {J. Chem. Phys.},
   year = 1979,
   volume =71,
   pages = 3053,
}
@ARTICLE{sollichoverview,
   author = {P. Sollich},
   title = {},
   journal = {J. Phys.; Condens. Matter},
   year = 2002,
   volume =14,
   pages = 79,
}
@ARTICLE{zwanzig,
   author = {R. Zwanzig},
   title = {},	
   journal = {J. Chem. Phys.},
   year = 1963,
   volume =39,
   pages = 1714,
}
@ARTICLE{sollichwarrenmomenttheory,
   author = {P. Sollich and P. B. Warren and M. E. Cates},
   title = {},
   journal = {Adv. Chem. Phys.},
   year = 2001,
   volume =116,
   pages = 265,
}
@ARTICLE{wensinkpolydikte,
   author = {H. H. Wensink and G. J. Vroege},
   title = {},
   journal = {Phys. Rev. E},
   year = 2002,
   volume = 65,
   pages = 031716,
}
@ARTICLE{zhang2,
   author = {S. D. Zhang and P. A. Reynolds and J. S.  van Duijneveldt},
   title = {},
   journal = {J. Chem. Phys.},
   year = 2002,
   volume = 117,
   pages = 9947,
}
@ARTICLE{zhang1,
   author = {S. D. Zhang and J. S.  van Duijneveldt and P. A. Reynolds},
   title = {},  
   journal = {Mol. Phys.},
   year = 2002,
   volume =100,
   pages = 3041,
}
@BOOK{Schaefer,
   author = {L. Schaefer},
   title = {Excluded Volume Effects in Polymer Solutions},
   year = 1999,
   publisher= {Springer-Verlag},
   address= {Heidelberg},
}

@ARTICLE{aartstuinier,
   author = {D. G. A. L. Aarts and R. Tuinier and H. N. W. Lekkerkerker},
   title = {},
   journal = {J. Phys.: Condens. Matter},
   year = 2002,
   volume =14,
   pages = 7551,
}
@ARTICLE{reiss,
   author = {H. Reiss and H. L. Frisch and J. L. Lebowitz},
   title = {},
   journal = {J. Chem. Phys.},
   year = 1959,
   volume =31,
   pages = 369,
}
@ARTICLE{lebowitz,
   author = {J. L. Lebowitz and E. Helfand and E. Praestgaard},
   title = {},
   journal = {J. Chem. Phys.},
   year = 1965,
   volume =43,
   pages = 774,
}
@ARTICLE{sluckin,
   author = {T. J. Sluckin},
   title = {},
   journal = {Liq. Cryst.},
   year = 1989,
   volume =1,
   pages = 111,
}
@ARTICLE{sollichonsagerP2fattail,
   author = {A. Speranza and P. Sollich},
   title = {},
   journal = {J. Chem. Phys.},
   year = 2003,
   volume =118,
   pages = 5213,
}
@ARTICLE{sollichonsagerexact,
   author = {A. Speranza and P. Sollich},
   title = {},
   journal = {Phys. Rev. E},
   year = 2003,
   volume = 67,
   pages =061702,
}

@ARTICLE{odijkelastic,
   author = {T.  Odijk},
   title = {},
   journal = {Liq. Cryst.},
   year = 1986,
   volume =1,
   pages = 553,
}
@ARTICLE{odijkgauss,
   author = {T.  Odijk},
   title = {},
   journal = {Liq. Cryst.},
   year = 1986,
   volume =1,
   pages = 97,
}
@ARTICLE{chen,
   author = {Z. Y. Chen},
   title = {},
   journal = {Phys. Rev. E},
   year = 1994,
   volume =50,
   pages = 2849	,
}
@ARTICLE{LekkerVroegtridisperse,
   author = {G. J. Vroege and H. N. W. Lekkerkerker},
   title = {},
   journal = {Colloids Surf., A},
   year = 1997,
   volume = 130,
   pages = 405,
}
@ARTICLE{bruggen-shell,
   author = {M. P. B van Bruggen  },
   title = {},
   journal = {Langmuir },
   year = 1998,
   volume = 14,
   pages = 2245,
}
@ARTICLE{bruggen-ach,
   author = {M. P. B van Bruggen and M. Donker and H. N. W. Lekkerkerker and T. L. Hughes },
   title = {},
   journal = {Colloids Surf., A},
   year = 1999,
   volume = 150,
   pages = 115,
}
@ARTICLE{mulderparns,
   author = {B. M. Mulder},
   title = {},
   journal = {Phys. Rev. A},
   year = 1987,
   volume = 35,
   pages = 3095,
}
@ARTICLE{mulderbifur,
   author = {B. M. Mulder},
   title = {},
   journal = {Phys. Rev. A},
   year = 1989,
   volume = 39,
   pages = 360,
}
@ARTICLE{poni1992,
   author = {A. Poniewierski},
   title = {},
   journal = {Phys. Rev. A},
   year = 1992,
   volume =45,
   pages = 5605,
}
@ARTICLE{poni1990,
   author = {A. Poniewierski and R. Holyst},
   title = {},
   journal = {Phys. Rev. A},
   year = 1990,
   volume = 41,
   pages = 6871,
}
@ARTICLE{poni1991,
   author = {A. Poniewierski and T. J. Sluckin},
   title = {},
   journal = {Phys. Rev. A},
   year = 1991,
   volume = 43,
   pages = 6837,
}
@ARTICLE{allenstructurefactor,
   author = {M. P. Allen and C. P. Mason and E. de Miguel and J. Stelzer},
   title = {},
   journal = {Phys. Rev. E},
   year = 1995,
   volume = 52,
   pages = 25,
}
@ARTICLE{holyst1990,
   author = {R. Holyst and A. Poniewierski},
   title = {},
   journal = {Mol. Phys.},
   year = 1990,
   volume = 71,
   pages = 561,
}
@ARTICLE{poniholy88,
   author = {A. Poniewierski and R. Holyst},
   title = {},
   journal = {Phys. Rev. Lett.},
   year = 1988,
   volume = 61,
   pages = 2461,
}
@ARTICLE{HongXu,
   author = {H. Xu},
   title = {},
   journal = {Mol. Phys.},
   year = 1992,
   volume = 77,
   pages = 311,
}
@ARTICLE{somozatarazona,
   author = {A. M. Somoza and P. Tarazona},
   title = {},
   journal = {Phys. Rev. A},
   year = 1990,
   volume = 41,
   pages = 965,
}
@ARTICLE{cuichen,
   author = {S-M Cui and Z. Y. Chen},
   title = {},
   journal = {Phys. Rev. E},
   year = 1994,
   volume = 50,
   pages = 3747,
}
@ARTICLE{polsonfrenkel,
   author = {J. M. Polson and D. Frenkel},
   title = {},
   journal = {Phys. Rev. E},
   year = 1997,
   volume = 56,
   pages = 6260,
}
@ARTICLE{annebohle,
   author = {A. M. Bohle and R. Holyst and T. Vilgis},
   title = {},
   journal = {Phys. Rev. Lett.},
   year = 1996,
   volume = 76,
   pages = 1396,
}
@ARTICLE{xulekkerkerker,
   author = {H. Xu and H. N. W. Lekkerkerker and M. Baus},
   title = {},
   journal = {Europhys. Lett.},
   year = 1992,
   volume = 17,
   pages = 163,
}
@ARTICLE{bauscryst,
   author = {M. Baus},
   title = {},
   journal = {Mol. Phys.},
   year = 1983,
   volume = 50,
   pages = 543,
}
@ARTICLE{wensinkpolyrods,
   author = {H. H. Wensink and G. J. Vroege},
   title = {},
   journal = {J. Chem. Phys.},
   year = 2003,
   volume =119,
   pages = 6868,
}
@ARTICLE{vargaszalaiNN,
   author = {S. Varga and I. Szalai},
   title = {},
   journal = {Phys. Chem. Chem. Phys.},
   year = 2000,
   volume =2,
   pages = 1955,
}
@ARTICLE{vargasjacksonszalai,
   author = {S. Varga and I. Szalai},
   title = {},
   journal = {Mol. Phys.},
   year = 1998,
   volume =93,
   pages = 377,
}
@ARTICLE{bibenhansen,
   author = {T. Biben and J. P. Hansen},
   title = {},
   journal = {Phys. Rev. Lett.},
   year = 1991,
   volume =66,
   pages = 2215,
}
@ARTICLE{bibenhansenbarrat,
   author = {T. Biben and J. P. Hansen and J.-L Barrat},
   title = {},
   journal = {J. Chem. Phys.},
   year = 1993,
   volume =98,
   pages = 7330,
}
@ARTICLE{piazza,
   author = {R. Piazza and T. Bellini and V. Degiorgio},
   title = {},
   journal = {Phys. Rev. Lett.},
   year = 1993,
   volume =71,
   pages = 4167,
}
@ARTICLE{baulinkhokhlov,
   author = {V. A. Baulin and A. R. Khokhlov},
   title = {},
   journal = {Phys. Rev. E},
   year = 1999,
   volume =60,
   pages = 2973,
}
@ARTICLE{baulin,
   author = {V. A. Baulin},
   title = {},
   journal = {J. Chem. Phys.},
   year = 2003,
   volume =119,
   pages = 2874,
}
@ARTICLE{vargamolphys,
   author = {S. Varga and A. Galindo and G. Jackson},
   title = {},
   journal = {Mol. Phys.},
   year = 2003,
   volume =101,
   pages = 817,
}
@ARTICLE{henkosmotic,
   author = {H. N. W. Lekkerkerker},
   title = {},
   journal = {J. Colloid Interface Sci.},
   year = 1990,
   volume = 51,
   pages = 419,
}	
@ARTICLE{gastrussel,
   author = {A. P. Gast and W. B. Russel and C. K. Hall},
   title = {},
   journal = {J. Colloid Interface Sci.},
   year = 1986,
   volume =109,
   pages = 161,
}
@ARTICLE{vincentedwards,
   author = {B. Vincent and J. Edwards and S. Emmet and R. D. Groot},
   title = {},
   journal = {Colloids Surf. },
   year = 1988,
   volume =31,
   pages =267,
}
@ARTICLE{ratoncuesta,
   author = {Y. Martinez-Raton and J. A. Cuesta},
   title = {},
   journal = {J. Chem. Phys.},
   year = 2003,
   volume =118,
   pages = 10164,
}
@ARTICLE{Bolhuisintracing,
   author = {P. Bolhuis and D. Frenkel},
   title = {},
   journal = {J. Chem. Phys.},
   year = 1997,
   volume =106,
   pages = 666,
}
@ARTICLE{tonks,
   author = {L. Tonks},
   title = {},
   journal = {Phys. Rev.},
   year = 1936,
   volume =50,
   pages = 955,
}
@ARTICLE{kirkwoodfreevol,
   author = {J. G. Kirkwood},
   title = {},
   journal = {J. Chem. Phys.},
   year = 1950,
   volume =18,
   pages = 380,
}
@ARTICLE{eyring,
   author = {H. Eyring and J. Hirschfelder},
   title = {},
   journal = {J. Phys. Chem.},
   year = 1937,
   volume =41,
   pages = 249,
}
@ARTICLE{taylor,
   author = {M. P. Taylor and R. Hentschke and J. Herzfeld},
   title = {},
   journal = {Phys. Rev. Lett.},
   year = 1989,
   volume =62,
   pages = 800,
}
@ARTICLE{hentschke,
   author = {R. Hentschke and M. P. Taylor and J. Herzfeld},
   title = {},
   journal = {Phys. Rev. A},
   year = 1989,
   volume =40,
   pages = 1678,
}
@ARTICLE{aldercoop,
   author = {B. J. Alder and W. G. Hoover and T. E. Wainwright},
   title = {},
   journal = {Phys. Rev. Lett.},
   year = 1963,
   volume =11,
   pages = 241,
}
@ARTICLE{salzburg,
   author = {Z. W. Salzburg and W. W. Wood},
   title = {},
   journal = {J. Chem. Phys.},
   year = 1962,
   volume =37,
   pages = 798,
}
@ARTICLE{aldersimul,
   author = {B. J. Alder and W. G. Hoover and D. A. Young},
   title = {},
   journal = {J. Chem. Phys.},
   year = 1968,
   volume = 49,
   pages = 3688,
}
@ARTICLE{wood,
   author = {W. W. Wood},
   title = {},
   journal = {J. Chem. Phys.},
   year = 1952,
   volume =20,
   pages = 1334,
}
@ARTICLE{lennardjones,
   author = {J. E. Lennard-Jones and A. F. Devonshire},
   title = {},
   journal = {Proc. Roy. Soc. (London)},
   year = 1937,
   volume =A163,
   pages = 53,
}
@ARTICLE{velikov,
   author = {K. P. Velikov and T. van Dillen and A. Polman and A. van Blaaderen},
   title = {},
   journal = {Appl. Phys. Lett.},
   year = 2002,
   volume = 81,
   pages = 838,
}
@ARTICLE{colvin,
   author = {V. L. Colvin},
   title = {},
   journal = {MRS Bull.},
   year = 2001,
   volume =26,
   pages = 637,
}
@ARTICLE{davidsongoethiet,
   author = {B. J. Lemaire and P. Davidson and J. Ferr\'{e} and J. P. Jamet and D. Petermann and P. Panine and I. Dozov and J. P. Jolivet},
   title = {},
   journal = {Eur. Phys. J. E},
   year = 2004,
   volume =13,
   pages =291,
}
@ARTICLE{davidsongoethiet2,
   author = {B. J. Lemaire and P. Davidson and J. Ferr\'{e} and J. P. Jamet and D. Petermann and P. Panine and I. Dozov and J. P. Jolivet},
   title = {},
   journal = {Eur. Phys. J. E},
   year = 2004,
   volume =13,
   pages =309,
}
@PHDThesis{lemairethesis,
   author = {B. J. Lemaire},
   title = {},
    year = 2002,
   school = {Universit\'{e} Paris-Sud},
}
@ARTICLE{lemairesaxs,
   author = {B. J. Lemaire and P. Davidson and J. Ferr\'{e} and J. P. Jamet and P. Panine and I. Dozov and J. P. Jolivet},
   title = {},
   journal = {Phys. Rev. Lett.},
   year = 2002,
   volume = 88,
   pages = 125507,
}
@ARTICLE{stroobantslading,
   author = {A. Stroobants and H. N. W. Lekkerkerker and T. Odijk},
   title = {},
   journal = {Macromolecules},
   year = 1986,
   volume = 19,
   pages = 2232,
}
@ARTICLE{khokhlovsemenov,
   author = {A. R. Khokhlov and A. N. Semenov},
   title = {},
   journal = {Macromolecules},
   year = 1982,
   volume = 15,
   pages = 1272,
}
@ARTICLE{vargakronome,
   author = {S. Varga and G. Kronome and I. Szalai},
   title = {},
   journal = {Mol. Phys. },
   year = 2000,
   volume = 14,
   pages = 911,
}
@PHDThesis{wensinkthesis,
   author = {H. H. Wensink},
   title = {},
    year = 2004,
   school = {Utrecht University},
}
@ARTICLE{lemairecolumn,
   author = {B. J. Lemaire and P. Davidson and P. Panine and J. P. Jolivet},
   title = {},
   journal = {Phys. Rev. Lett.},
   year = 2004,
   volume = 93,
   pages = 267801,
}
@ARTICLE{lemairefaraday,
   author = {B. J. Lemaire and P. Davidson and J. Ferr\'{e} and J-P Jamet and
D. Petermann and P. Panine and I.Dozov and D. Stoenescu and J. P. Jolivet},
   title = {},
   journal = {Faraday Discuss.},
   year = 2005,
   volume = 128,
   pages = 271,
}
@ARTICLE{vroegethies,
   author = {G. J. Vroege and D. M. E. Thies-Weesie},
   title = {},
   journal = {private communications},
   year = 2004,
}
@ARTICLE{grafloewen,
   author = {H. Graf and H. L\"{o}wen},
   title = {},
   journal = {J. Phys.: Condens. Matter},
   year = 1999,
   volume = 11,
   pages = 1435,
}
@ARTICLE{wensinksedi,
   author = {H. H. Wensink and H. N. W. Lekkerkerker},
   title = {},
   journal = {Europhys. Lett.},
   year = 2004,
   volume = 66,
   pages = 125,
}
@ARTICLE{schmidtfloatliq,
   author = {M. Schmidt and M. Dijkstra and J. P. Hansen},
   title = {},
   journal = {Phys. Rev. Lett.},
   year = 2004,
   volume = 93,
   pages = 088303,
}
@ARTICLE{harnaudietrich,
   author = {L. Harnau and S. Dietrich},
   title = {},
   journal = {Phys. Rev. E},
   year = 2002,
   volume = 65,
   pages = 21505,
}
@ARTICLE{roijdijkstraevansEURO,
   author = {R. van Roij and M. Dijkstra and R. Evans},
   title = {},
   journal = {Europhys. Lett.},
   year = 2000,
   volume = 49,
   pages = 350,
}
@ARTICLE{alleninterface,
   author = {M. P. Allen},
   title = {},
   journal = {J. Chem. Phys.},
   year = 2000,
   volume = 112,
   pages = 5447,
}
@ARTICLE{savenkosedi,
   author = {S. V. Savenko and M. Dijkstra},
   title = {},
   journal = {Phys. Rev. E},
   year = 2004,
   volume = 70,
   pages = 051401,
}
@ARTICLE{kirch-bd,
   author = {Th. Kirchhoff and H. L\"{o}wen and R. Klein},
   title = {},
   journal = {Phys. Rev. E},
   year = 1996,
   volume = 53,
   pages = 5011,
}
@ARTICLE{deHoog,
   author = {E. H. A. de Hoog and H. N. W. Lekkerkerker and J. Schulz and G. H. Findenegg},
   title = {},
   journal = {J. Phys. Chem. B},
   year = 1999,
   volume = 103,
   pages = 10657,
}
@ARTICLE{Blanco00,
   author = {A. Blanco and E. Chomski and S. Grabtchak and M. Ibisate and S. John and S. W. Leonard and C. Lopez and F. Meseguer and H. Miquez and J. P. Mondia and G. A. Ozin and O. Toader and H. M. van Driel},
   title = {},
   journal = {Nature},
   year = 2000,
   volume = 405,
   pages = 437,
}
@ARTICLE{SmitsPIB,
   author = {C. Smits and W. J. Briels and J. K. G. Dhont and H. N. W. Lekkerkerker},
   title = {},
   journal = {Progr. Colloid. Polym. Sci.},
   year = 1989,
   volume = 79,
   pages = 287,
}
@ARTICLE{gyratie-diameter,
   author = {H. de Hek and A. Vrij},
   journal = {J. Colloid Interface Sci.},
   year = 1981,
   volume = 84,
   pages = 409,
}
@ARTICLE{Fahreus,
   author = {R. Fahreus},
   title = {},
   journal = {Acta. Med. Scand.},
   year = 1921,
   volume = 55,
   pages = 1,
}
@ARTICLE{Bibette,
   author = {J. Bibette},
   title = {},
   journal = {J. Colloid Interface Sci.},
   year = 1991,
   volume = 147,
   pages = 474,
}
@ARTICLE{CreamingLatex,
   author = {C. F. Vester},
   journal = {Kolloid-Z.},
   year = 1938,
   volume = 84,
   pages = 63,
}
@ARTICLE{Cohen,
   author = {S. S. Cohen},
   title = {},
   journal = {J. Biol. Chem.},
   year = 1942,
   volume = 144,
   pages = 353,
}
@ARTICLE{Poon,
   author = {W. C. K. Poon},
   title = {},
   journal = {Curr. Opin. Colloid Interface Sci.},
   year = 1998,
   volume = 3,
   pages = 593,
}
@ARTICLE{Poon00,
   author = {W. C. K. Poon and F. Renth and R. M. L. Evans},
   title = {},
   journal = {J. Phys.: Condens. Matter},
   year = 2000,
   volume = 12,
   pages = A269,
}
@ARTICLE{Illet,
   author = {S. M. Illet and A. Orrock and W. C. K. Poon and P. N. Pusey},
   journal = {Phys. Rev. E},
   year = 1995,
   volume = 51,
   pages = 1344,
}
@ARTICLE{Faers,
   author = {M. A. Faers and P. F. Luckham},
   title = {},
   journal = {Langmuir},
   year = 1997,
   volume = 15,
   pages = 2922,
}
@ARTICLE{Boehmite+PDMS,
   author = {J. Buitenhuis and L. N. Donselaar and P. A. Buining and A. Stroobants and H. N. W. Lekkerkerker},
   title = {},
   journal = {J. Colloid Interface Sci.},
   year = 1995,
   volume = 175,
   pages = 46,
}
@ARTICLE{Fradensmectic,
   author = {M. Adams and Z. Dogic and S. L. Keller and S. Fraden},
   title = {},
   journal = {Nature},
   year = 1998,
   volume = 393,
   pages = 349,
}
@ARTICLE{Dogic97,
   author = {Z. Dogic and S. Fraden},
   title = {},
   journal = {Phys. Rev. Lett.},
   year = 1997,
   volume = 78,
   pages = 2417,
}
@ARTICLE{DNAchol,
   author = {C. Robinson},
   title = {},
   journal = {Tetrahedron},
   year = 1961,
   volume = 13,
   pages = 219,
}
@ARTICLE{DNAcol,
   author = {F. Livolant and A. M. Levelut and J. Doucet and J. P. Benoit},
   title = {},
   journal = {Nature},
   year = 1989,
   volume = 339,
   pages = 724,
}
@ARTICLE{Teflonrod,
   author = {T. Folda and H. Hoffmann and H. Chanzy and P. Smith},
   title = {},
   journal = {Nature},
   year = 1988,
   volume = 333,
   pages = 55,
}
@ARTICLE{FeOOH,
   author = {Y. Maeda and S. Hachisu},
   title = {},
   journal = {Colloids and surfaces},
   year = 1983,
   volume = 7,
   pages = 357,
}
@ARTICLE{Pelletier,
   author = {O. Pelletier and P. Davidson and C. Bourgaux and J. Livage},
   title = {},
   journal = {Europhys. Lett.},
   year = 1999,
   volume = 48,
   pages = 53,
}
@ARTICLE{microcellulose,
   author = {X. -M. Dong and T. Kimura and J. -F. Revol and D. G. Gray},
   title = {},
   journal = {Langmuir},
   year = 1996,
   volume = 12,
   pages = 2076,
}
@ARTICLE{TMV+depl,
   author = {M. Adams and S. Fraden},
   title = {},
   journal = {Biophys. J.},
   year = 1998,
   volume = 74,
   pages = 669,
}
@ARTICLE{Fraden85,
   author = {S. Fraden and A. J. Hurd and R. B. Meyer and M. Cahoon and D. L. D. Caspar},
   title = {},
   journal = {J. Physique},
   year = 1985,
   volume = 46,
   pages = C3,
}
@ARTICLE{fradenmaret,
   author = {S. Fraden and G. Maret and D. L. D. Caspar},
   title = {},
   journal = {Phys. Rev. E},
   year = 1993,
   volume = 48,
   pages = 2816,
}
@ARTICLE{Kreibig,
   author = {U. Kreibig and C. Wetter},
   title = {},
   journal = {Z. Naturforsch.},
   year = 1980,
   volume = 35,
   pages = 750,
}
@ARTICLE{Morvan94,
   author = {M. Morvan and D. Espinat and R. Vascon and J. Lambard and Th. Zemb},
   title = {},
   journal = {Langmuir},
   year = 1994,
   volume = 10,
   pages = 2566,
}
@ARTICLE{Morvan,
   author = {M. Morvan and D. Espinat and J. Lambard and Th. Zemb},
   title = {},
   journal = {Colloids Surf. A},
   year = 1994,
   volume = 82,
   pages = 193,
}
@ARTICLE{Norrish,
   author = {K. Norrish},
   title = {},
   journal = {Disc. Faraday Soc.},
   year = 1954,
   volume = 18,
   pages = 120,
}
@ARTICLE{Ramsay90,
   author = {J. D. F. Ramsay and S. W. Swanton and J.  Bunce},
   title = {},
   journal = {J. Chem. Soc. Faraday Trans.},
   year = 1990,
   volume = 86,
   pages = 3919,
}
@ARTICLE{Ramsay93,
   author = {J. D. F. Ramsay and P. Lindner},
   title = {},
   journal = {J. Chem. Soc. Faraday Trans.},
   year = 1993,
   volume = 89,
   pages = 4207,
}
@BOOK{vanOlphen,
   author = {H. van Olphen},
   title = {},
   publisher= {Wiley and Sons},
   address= {New York},
   year = 1963,
}
@ARTICLE{kleistructuur,
   author = {S. L. Swartzen-Allen and E. Matijevic},
   title = {},
   journal = {Chemical Reviews},
   year = 1974,
   volume = 74,
   pages = 385,
}
@ARTICLE{Lekkerkerker_rod_pol,
   author = {H. N. W. Lekkerkerker and A. Stroobants},
   title = {},
   journal = {Nuovo Cimento D},
   year = 1994,
   volume = 16,
   pages = 949,
}
@ARTICLE{sim:staaf+pol,
   author = {P. G. Bolhuis and A. Stroobants and D. Frenkel and H. N. W. Lekkerkerker},
   title = {},
   journal = {J. Chem. Phys.},
   year = 1997,
   volume = 5,
   pages = 1551,
}
@ARTICLE{calc:clay+pol,
   author = {V. V. Ginzburg and A. C. Balazs},
   title = {},
   journal = {Macromolecules},
   year = 1999,
   volume = 32,
   pages = 5681,
}
@ARTICLE{Vroege&Lekkerkerker,
   author = {G. J. Vroege and H. N. W. Lekkerkerker},
   title = {},
   journal = {J. Phys. Chem.},
   year = 1993,
   volume = 97,
   pages = 3601,
}
@ARTICLE{Frenkel85,
   author = {D. Frenkel and B. M. Mulder},
   title = {},
   journal = {Mol. Phys.},
   year = 1985,
   volume = 55,
   pages = 1171,
}
@ARTICLE{Bolhuis97,
   author = {P. Bolhuis and D. Frenkel},
   title = {},
   journal = {J. Chem. Phys.},
   year = 1997,
   volume = 106,
   pages = 666,
}
@ARTICLE{Sear,
   author = {R. Sear and G. Jackson},
   title = {},
   journal = {J. Chem. Phys.},
   year = 1995,
   volume = 103,
   pages = 8684,
}
@ARTICLE{Hemmer,
   author = {P. C. Hemmer},
   title = {},
   journal = {Mol. Phys.},
   year = 1999,
   volume = 96,
   pages = 1153,
}
@ARTICLE{vanRoij98,
   author = {R. van Roij and B. Mulder and M. Dijkstra},
   title = {},
   journal = {Physica A},
   year = 1998,
   volume = 261,
   pages = 374,
}
@ARTICLE{vanRoij96,
   author = {R. van Roij and B. Mulder},
   title = {},
   journal = {Phys. Rev. E},
   year = 1996,
   volume = 54,
   pages = 6430,
}
@ARTICLE{vanRoij96/2,
   author = {R. van Roij and B. Mulder},
   title = {},
   journal = {J. Chem. Phys.},
   year = 1996,
   volume = 105,
   pages = 11237,
}
@ARTICLE{Itou,
   author = {T. Itou and A. Teramoto},
   title = {},
   journal = {Macromolecules},
   year = 1984,
   volume = 17,
   pages = 1419,
}
@ARTICLE{Kajiwara,
   author = {K. Kajiwara and N. Donkai and Y. Hiragi and H. Inagaki},
   title = {},
   journal = {Makromol. Chem.},
   year = 1986,
   volume = 187,
   pages = 2883,
}
@ARTICLE{donkai93,
   author = {N. Donkai and K. Kajiwara and M. Schmidt and T. Miyamoto},
   title = {},
   journal = {Makromol. Chem.},
   year = 1993,
   volume = 14,
   pages = 611,
}
@ARTICLE{Batestermsmec,
   author = {M. A. Bates and D. Frenkel},
   title = {},
   journal = {J. Chem. Phys.},
   year = 1998,
   volume = 109,
   pages = 6193,
}
@BOOK{Pusey91,
   author = {P. N. Pusey},
   title = {in Les Houches, session LI, Liquids, Freezing and Glass Transitions},
   publisher= {North-Holland},
   editor= {J. P. Hansen and D. Jevesque and J. Zinn-Justin},
   address= {Amsterdam},
   year = 1991,
   pages = 802,
}
@ARTICLE{Pusey87,
   author = {P. N. Pusey},
   title = {},
   journal = {J. Phys. (Paris)},
   year = 1987,
   volume = 48,
   pages = 709,
}
@ARTICLE{Barrat,
   author = {J. L. Barrat and J. P. Hansen},
   title = {},
   journal = {J. Phys. (Paris)},
   year = 1986,
   volume = 46,
   pages = 1547,
}
@ARTICLE{McRae,
   author = {R. McRae and A. D. J. Haymet},
   title = {},
   journal = {J. Chem. Phys.},
   year = 1988,
   volume = 88,
   pages = 1114,
}
@ARTICLE{Dickinson,
   author = {E. Dickinson and R. Parker},
   title = {},
   journal = {J. Phys. (France) Lett.},
   year = 1985,
   volume = 46,
   pages = L229,
}
@ARTICLE{Bolhuis96,
   author = {P. G. Bolhuis and D. A. Kofke},
   title = {},
   journal = {Phys. Rev. E},
   year = 1996,
   volume = 54,
   pages = 634,
}
@ARTICLE{Kofke99,
   author = {D. A. Kofke and P. G. Bolhuis},
   title = {},
   journal = {Phys. Rev. E},
   year = 1999,
   volume = 59,
   pages = 618,
}
@ARTICLE{Henderson,
   author = {S. I. Henderson and T. C. Mortensen and S. M. Underwood and W. van Megen},
   title = {},
   journal = {Physica A},
   year = 1996,
   volume = 233,
   pages = 102,
}
@ARTICLE{Soga,
   author = {G. Soga and J. R. Melrose and R. C. Ball},
   title = {},
   journal = {J. Chem. Phys.},
   year = 1999,
   volume = 110,
   pages = 2280,
}
@ARTICLE{tenWolde,
   author = {P. R. ten Wolde and D. Frenkel},
   title = {},
   journal = {Science},
   year = 1997,
   volume = 277,
   pages = 1975,
}
@ARTICLE{vanBlaaderen,
   author = {A. van Blaaderen},
   title = {},
   journal = {MRS bulletin},
   year = 1998,
   volume = 23,
   pages = 39,
}
@ARTICLE{vanWijnhoven,
   author = {J. E. G. van Wijnhoven and W. L. Vos},
   title = {},
   journal = {Science},
   year = 1998,
   volume = 281,
   pages = 802,
}

@ARTICLE{Mourchid,
   author = {A. Mourchid and A. Delville and J. Lambard and E. Lecolier and P. Levitz},
   title = {},
   journal = {Langmuir},
   year = 1995,
   volume = 11,
   pages = 1942,
}
@ARTICLE{Gabriel,
   author = {J. C. P. Gabriel and C. Sanchez and P. Davidson},
   title = {},
   journal = {J. Phys. Chem.},
   year = 1996,
   volume = 100,
   pages = 11139,
}
@PHDThesis{Yamaguchi,
   author = {Y. Yamaguchi},
   title = {},
    year = 1997,
   school = {Bayreuth University},
}
@ARTICLE{Dijkstra,
   author = {M. Dijkstra and J. P. Hansen and P. A. Madden},
   title = {},
   journal = {Phys. Rev. E},
   year = 1996,
   volume = 55,
   pages = 3044,
}
@ARTICLE{Callaghan,
   author = {I. C. Callaghan and R. H. Ottewil},
   title = {},
   journal = {Faraday Discuss. Chem. Soc.},
   year = 1974,
   volume = 57,
   pages = 110,
}
@ARTICLE{Bates.poly,
   author = {M. A. Bates and D. Frenkel},
   title = {},
   journal = {J. Chem. Phys.},
   year = 1999,
   volume = 110,
   pages = 6553,
}
@ARTICLE{Bates.shape,
   author = {M. A. Bates},
   title = {},
   journal = {J. Chem. Phys.},
   year = 1999,
   volume = 111,
   pages = 1732,
}
@ARTICLE{Batesthindisks,
   author = {M. A. Bates and D. Frenkel},
   title = {},
   journal = {Phys. Rev. E},
   year = 1998,
   volume = 57,
   pages = 4824,
}
@ARTICLE{vanderSchoot99,
   author = {P. van der Schoot},
   title = {},
   journal = {J. Phys. Chem. B},
   year = 1999,
   volume = 103,
   pages = 8804,
}
@ARTICLE{Pusey82,
   author = {P. N. Pusey and H. M. Fijnaut and A. Vrij},
   title = {},
   journal = {J. Chem. Phys.},
   year = 1982,
   volume = 77,
   pages = 4270,
}
@ARTICLE{Buining93,
   author = {P. A. Buining and H. N. W. Lekkerkerker},
   title = {},
   journal = {J. Phys. Chem.},
   year = 1993,
   volume = 97,
   pages = 11510,
}
@ARTICLE{Szamel,
   author = {G. Szamel},
   title = {},
   journal = {Phys. Rev. Lett.},
   year = 1993,
   volume = 70,
   pages = 3744,
}  
@ARTICLE{brenner,
   author = {S. L. Brenner and V. A. Parsegian},
   title = {},
   journal = {Biophys. J.},
   year = 1974,
   volume = 14,
   pages = 327,
}
y@ARTICLE{Boek,
   author = {E. S. Boek and P. V. Coveney and H. N. W. Lekkerkerker and P. Van der Schoot},
   title = {},
   journal = {Phys. Rev. E},
   year = 1997,
   volume = 55,
   pages = 3124,
}
@ARTICLE{deKeizer,
   author = {A. de Keizer and W. P. T. van der Drift and J. Th. G. Overbeek},
   title = {},
   journal = {Biophys. Chem.},
   year = 1975,
   volume = 3,
   pages = 107,
}
@ARTICLE{Batchelor,
   author = {G. K. Batchelor and J. T. Green},
   title = {},
   journal = {J. Fluid Mech.},
   year = 1972,
   volume = 56,
   pages = 401,
}
@ARTICLE{Kuhn&Kuhn,
   author = {W. Kuhn and H. Kuhn},
   title = {},
   journal = {Helv. Chim. Acta},
   year = 1945,
   volume = 28,
   pages = 97,
}
@ARTICLE{Scheraga,
   author = {H. A. Scheraga},
   title = {},
   journal = {J. Chem. Phys.},
   year = 1955,
   volume = 23,
   pages = 1526,
}
@ARTICLE{Batchelordiff,
   author = {G. K. Batchelor},
   title = {},
   journal = {J. Fluid Mech.},
   year = 1976,
   volume = 74,
   pages = 1,
}
@ARTICLE{Jansen,
   author = {J. W. Jansen and C. G. de Kruif and A. Vrij},
   title = {},
   journal = {J. Colloid Interface Sci.},
   year = 1986,
   volume = 114,
   pages = 501,
}
@BOOK{Guinier,
   author = {A. Guinier and G. Fournet},
   title = {},
   publisher= {John Wiley and Sons},
   address= {New York},
   year = 1955,
}
@BOOK{GuinierXray,
   author = {A. Guinier},
   title = {X-ray Diffraction in Crystals, Imperfect Crystals, and Amorphous Bodies},
   publisher= {Dover},
   address= {New York},
   year = 1994,
   pages = 169,
}
@BOOK{Dhont,
   author = {J. K. G. Dhont},
   title = {An Introduction to the Dynamics of Colloids},
   publisher= {Elsevier},
   address= {Amsterdam},
   year = 1996,
}
@BOOK{Pusey,
   author = {P. N. Pusey},
   title = {Dynamic Light Scattering: Applications of Photon Correlation Spectroscopy},
   publisher = {Plenum},
   address= {New York},   
   year = 1985,
}
@PHDTHESIS{Smits,
   author = {C. Smits},
   title = {Crystallization in concentrated colloidal dispersions},
   year = 1991,
   school = {Utrecht University},
   pages = 117,
}
@PHDTHESIS{ThesisvanBruggen,
   author = {M. P. B. van Bruggen},
   title = {Liquid crystal formation and diffusion in dispersions of colloidal rods},
   school = {Utrecht University},
   year = 1998,
   pages = 139,
}
@ARTICLE{rod-polymer,
   author = {H. N. W. Lekkerkerker and A. Stroobants},
   title = {},
   journal = {Il Nuovo Cimento},
   year = 1994,
   volume = 16,
   pages = 949,
}
@ARTICLE{Nagelephysrep,
   author = {G. N{\"{a}}gele},
   journal = {Phys. Rep.},
   year= 1996,
   volume= 272,
   pages = 216,
}
@ARTICLE{sphere+polymer,
   author = {H. N. W. Lekkerkerker and W. C. K. Poon and P. N. Pusey and A. Stroobants and P. B. Warren},
   journal = {Europhys Lett.},
   year = 1992,
   volume = 20,
   pages = 559,
}
@ARTICLE{Poon99,
   author = {W. C. K. Poon and F. Renth and R. M. L. Evans and D. J. Fairhurst and M. E. Cates and P. N. Pusey},
   title = {},
   journal = {Phys. Rev. Lett.},
   year = 1999,
   volume = 83,
   pages = 1239,
}
@ARTICLE{Philipse,
   author = {A. P. Philipse and A. M. Nechifor and C. Patmamanoharan},
   title = {},
   journal = {Langmuir},
   year = 1994,
   volume = 10,
   pages = 4451,
}
@ARTICLE{Wierenga2,
   author = {A. Wierenga and A. P. Philipse},
   title = {},
   journal = {J. Colloid Interface Sci.},
   year = 1996,
   volume = 180,
   pages = 360,
}
@ARTICLE{Buitenhuis,
   author = {J. Buitenhuis and L. N. Donselaar and P. A. Buining and A. Stroobants and H. N. W. Lekkerkerker},
   title = {},
   journal = {J. Colloid Interface Sci.},
   year = 1995,
   volume = 175,
   pages = 46,
}
@ARTICLE{vanderKooijplaatstaaf,
   author = {F. M. van der Kooij and H. N. W. Lekkerkerker},
   title = {},
   journal = {Phys. Rev. Lett.},
   year = 2000,
   volume = 84,
   pages = 781,
}
@ARTICLE{vanderKooijplaatstaaf2,
   author = {F. M. van der Kooij and H. N. W. Lekkerkerker},
   title = {},
   journal = {Langmuir},
   year = 2000,
   volume = 16,
   pages =10144,
}
@ARTICLE{vanderKooijplaatpol,
   author = {F. M. van der Kooij and M. Vogel and H. N. W. Lekkerkerker},
   journal = {Phys. Rev. E},
   year = 2000,
   volume = 62,
   pages = 5397,	
}
@ARTICLE{Goldberg,
   author = {R. J. Goldberg},
   title = {},
   journal = {J. Phys. Chem.},
   year = 1953,
   volume = 57,
   pages = 194,
}
@ARTICLE{Kroon,
   author = {M. Kroon and W. L. Vos and G. H. Wegdam},
   title = {},
   journal = {Phys. Rev. E},
   year = 19,
   volume = 57,
   pages = 1962,
}
@ARTICLE{Kasperski,
   author = {K. L. Kasperski and C. T. Hepler and G. Hepler},
   title = {},
   journal = {Can. J. Chem.},
   year = 1986,
   volume = 64,
   pages = 1919,
}
@BOOK{Gitzen,
   author = {W. H. Gitzen},
   title = {},
   year = 1970,
   publisher= {The American Ceramic Society},
   address= {Columbus},
}
@BOOK{Berne,
   author = {B. J. Berne and R. Pecora},
   title = {},
   year = 1976,
   publisher= {Wiley & Sons},
   address= {New York},
}



@ARTICLE{Alben,
   author = {R. Alben},
   title = {},
   journal = {J. Chem. Phys.},
   year = 1973,
   volume = 59,
   pages = 4299,
}

@ARTICLE{alben-pitch,
   author = {R. Alben},
   title = {},
   journal = {Mol. Cryst. Liq. Cryst.},
   year = 1973,
   volume = 20,
   pages = 231,
}


@ARTICLE{Bernalnature,
   author = {J. D. Bernal and I. Fankuchen},
   title = {},
   journal = {Nature(London)},
   year = 1937,
   volume = 139,
   pages = 923,
}
@ARTICLE{ZocherWO3,
   author = {H. Zocher and K. Jacobsohn},
   title = {},
   journal = {Kolloid-Beih.},
   year = 1929,
   volume = 28,
   pages = 115,
}
@ARTICLE{Furusawa,
   author = {K. Furusawa and S. Hachisu},
   title = {},
   journal = {J. Colloid Int. Sci.},
   year = 1968,
   volume = 28,
   pages = 167,
}
@ARTICLE{Onsager32,
   author = {L. Onsager},
   title = {},
   journal = {Phys. Rev.},
   year = 1932,
   volume = 40,
   pages = 1028,
}
@ARTICLE{Onsager42,
   author = {L. Onsager},
   title = {},
   journal = {Phys. Rev.},
   year = 1942,
   volume = 62,
   pages = 558,
}
@ARTICLE{Forsyth77,
   author = {P. A. Forsyth and J. S. Marcelja and D. J. Mitchell and B. W. Ninham},
   title = {},
   journal = {J. Chem. Soc. Faraday Trans.},
   year = 1977,
   volume = 73,
   pages = 84,
}
@ARTICLE{Forsyth78,
   author = {P. A. Forsyth and J. S. Marcelja and D. J. Mitchell and B. W. Ninham},
   title = {},
   journal = {Adv. Coll. Int. Sci.},
   year = 1978,
   volume = 9,
   pages = 37,
}
@ARTICLE{Eppenga,
   author = {D. Frenkel and R. Eppenga},
   title = {},
   journal = {Phys. Rev. Lett.},
   year = 1982,
   volume = 49,
   pages = 1089,
}
@ARTICLE{Rabin,
   author = {Y. Rabin and W. E. Mc Mullen and W. M. Gelbart},
   title = {},
   journal = {Mol. Cryst. Liq. Cryst.},
   year = 1982,
   volume = 89,
   pages = 67,
}
@ARTICLE{Stroobants,
   author = {A. Stroobants and H. N. W. Lekkerkerker},
   title = {},
   journal = {J. Phys. Chem.},
   year = 1984,
   volume = 88,
   pages = 3669,
}
@ARTICLE{Stroobantscolumnar,
   author = {A. Stroobants},
   title = {},
   journal = {Phys. Rev. Lett.},
   year = 1992,
   volume = 69,
   pages = 2388,
}

@ARTICLE{Yu,
   author = {L. J. Yu and A. Saupe},
   title = {},
   journal = {Phys. Rev. Lett.},
   year = 1980,
   volume = 45,
   pages = 1000,
}
@ARTICLE{saupe,
   author = "A. Saupe",
   journal = "Z. Naturforsch.",
   year = "1960",
   volume = "15A",
   pages = "810; {\em ibid.} 815",
}

@ARTICLE{nehring,
   author = {J. Nehring and A. Saupe},
   title = {},
   journal = {J. Chem. Phys.},
   year = 1972,
   volume = 56,
   pages = 5527,
}
@PHDTHESIS{vroijthesis,
   author = {R. van Roij},
   title = {Simple theories of complex fluids},
   school = {Utrecht University},
   year = 1996,
}
@ARTICLE{Brown99,
   author = {A. B. D. Brown and C. Ferrero and T. Narayanan and A. R. Rennie},
   title = {},
   journal = {Eur. Phys. J. B},
   year = 1999,
   volume = 11,
   pages = 481,
}
@ARTICLE{Brown98,
   author = {A. B. D. Brown and S. M. Clarke and A. R. Rennie},
   title = {},
   journal = {Langmuir},
   year = 1998,
   volume = 14,
   pages = 3129,
}
@ARTICLE{vanRoij,
   author = {R. van Roij and B. Mulder},
   title = {},
   journal = {J. Phys. (France) II},
   year = 1994,
   volume = 4,
   pages = 1763,
}
@ARTICLE{roijtransverse,
   author = {R. van Roij and P. Bolhuis and B. Mulder and D. Frenkel},
   title = {},
   journal = {Phys. Rev. E},
   year = 1995,
   volume = 52,
   pages = R1277,
}

@ARTICLE{Henriques,
   author = {E. F. Henriques and V. B. Henriques},
   title = {},
   journal = {J. Chem. Phys.},
   year = 1997,
   volume = 107,
   pages = 8036,
}
@ARTICLE{Buiningbeharing,
   author = {P. A. Buining and Y. S. J. Veldhuizen and C. Pathmamanoharan and H. N. W. Lekkerkerker},
   title = {},
   journal = {Colloids Surf.},
   year = 1992,
   volume = 64,
   pages = 47,
}
@ARTICLE{vanderKooij3,
   author = {F. M. van der Kooij and A. P. Philipse and J. K. G. Dhont},
   title = {},
   journal = {Langmuir},
   year = 2000,
   volume = {16},
   pages = 5317,
}
@ARTICLE{vanderkooijcolumnar,
   author = {F. M. van der Kooij and K. Kassapidou and H. N. W. Lekkerkerker},
   title = {},
   journal = {Nature},
   year = 2000,
   volume = 406,
   pages = 868,
}
@ARTICLE{Chrzanowska,
   author = {A. Chrzanowska},
   title = {},
   journal = {Phys. Rev. E},
   year = 1998,
   volume = 58,
   pages = 3229,
}
@PHDTHESIS{Wierengathesis,
   author = {A. M. Wierenga},
   title = {Colloidal dispersions of inorganic rods and platelets},
   year = 1997,
   school = {Utrecht University},
}
@REPORT{Lean,
   author = {R. Lean and A. Fergus},
   title = {Interim Report Detailing the Development of Visplex III and the performance of DP97/013 versus Visplex II, PCF/RD/97.007},
   institution = {SCR},
   number = {},
   year = 1997,
}
@REPORT{Reid,
   author = {P. Reid and P. Way and D. Bradshaw},
   title = {An Investigation Of The Thermal Stability Of Visplex Drilling Fluids, SCR/SN/1997/XXX/FCP/C},
   institution = {SCR},
   number = {},
   year = 1997,
}
@REPORT{Hughes,
   author = {T. L. Hughes and C. M. Methven},
   title = {The Delayed Gelation System (DGS): a Review and an Evaluation of Methods to Improve Performance, SCR/SR/1995/019/WPC/C},
   institution = {SCR},
   number = {},
   year = 1995,
}
@Book{Guven,
   author = {N. Guven},
   title = {Clay-water interface and its rheological implications},
   publisher ={The clay minerals society},
   address= {Boulder}, 
   year = 1992,
}
@ARTICLE{Huggins,
   author = {M. L. Huggins},
   title = {},
   journal = {J. Am. Chem. Soc.},
   year = 1942,
   volume = 64,
   pages = 2716,
}
@ARTICLE{Hoogerbrugge,
   author = {P. J. Hoogerbrugge and J. M. V. A. Koelman},
   title = {},
   journal = {Europhys. Lett.},
   year = 1992,
   volume = 19,
   pages = 155,
}
@ARTICLE{Espanol,
   author = {P. Espanol and P. Warren},
   title = {},
   journal = {Europhys. Lett.},
   year = 1995,
   volume = 30,
   pages = 191,
}
@ARTICLE{deGroot,
   author = {R. D. Groot and P. B. Warren},
   title = {},
   journal = {J. Chem. Phys.},
   year = 1997,
   volume = 107,
   pages = 4423,
}
@ARTICLE{Cates,
   author = {S. Jury and P. Bladon and M. Cates and S. Krishna and M. Hagen and N. Ruddock and P. Warren},
   title = {},
   journal = {Phys. Chem. Chem. Phys},
   year = 1999,
   volume = 1,
   pages = 2051,
}
@ARTICLE{Manke,
   author = {Y. Kong and C. W. Manke and W. G. Madden and A. G. Schlijper},
   title = {},
   journal = {J. Chem. Phys.},
   year = 1997,
   volume = 107,
   pages = 592,
}
@ARTICLE{CoveneyNovik,
   author = {P. V. Coveney and K. E. Novik},
   title = {},
   journal = {Phys. Rev. E},
   year = 1996,
   volume = 54,
   pages = 5134,
}
@ARTICLE{Coverratum,
   author = {P. V. Coveney and K. E. Novik},
   title = {},
   journal = {erratum: Phys. Rev. E},
   year = 1997,
   volume = 55,
   pages = 4831,
}
@ARTICLE{Spenley,
   author = {J. L. Jones and M. Lal and N. Ruddock and N. A. Spenley},
   title = {},
   journal = {Faraday Discuss.},
   year = 1999,
   volume = 112,
   pages = 129,
}
@ARTICLE{Boek96,
   author = {E. S. Boek and P. V. Coveney and H. N. W. Lekkerkerker},
   title = {},
   journal = {J. Phys.: Condens. Matter},
   year = 1996,
   volume = 8,
   pages = 9509,
}
@ARTICLE{Gib,
   author = {J. B. Gibson and K. Chen and S. Chynoweth},
   title = {},
   journal = {J. Colloid Interface Sci.},
   year = 1998,
   volume = 206,
   pages = 464,
}
@ARTICLE{Boek98,
   author = {E. S. Boek and P. van der Schoot},
   title = {},
   journal = {Int. J. Mod. Phys. C},
   year = 1998,
   volume = 9,
   pages = 1307,
}
@ARTICLE{Berry&Russel,
   author = {D. H. Berry and W. B. Russel},
   title = {},
   journal = {J. Fluid Mech.},
   year = 1987,
   volume = 180,
   pages = 475,
}
@ARTICLE{BatchelorGreen,
   author = {G. K. Batchelor and J. T. Green},
   title = {},
   journal = {J. Fluid Mech.},
   year = 1972,
   volume = 56,
   pages = 401,
}
@ARTICLE{Batchelor77,
   author = {G. K. Batchelor},
   title = {},
   journal = {J. Fluid Mech.},
   year = 1977,
   volume =  83,
   pages = 97,
}
@ARTICLE{Pusey86,
   author = {P. N. Pusey and W. van Megen},
   title = {},
   journal = {Nature},
   year = 1986,
   volume = 320,
   pages = 340,
}
@ARTICLE{Kops,
   author = {M. M. Kops - Werkhoven and H. M. Fijnaut},
   title = {},
   journal = {J. Chem. Phys.},
   year = 1981,
   volume = 74,
   pages = 1618,
}
@ARTICLE{deKruif,
   author = {C. G. de Kruif and E. M. F. van Iersel and A. Vrij and W. B. Russel},
   title = {},
   journal = {J. Chem. Phys.},
   year = 1985,
   volume = 83,
   pages = 4717,
}
@ARTICLE{deKruif85,
   author = {C. G. de Kruif and P. W. Rouw and J. W. Jansen and A. Vrij},
   title = {},
   journal = {J. Phys.},
   year = 1985,
   volume = C3,
   pages = 295,
}
@ARTICLE{Kato,
   author = {E. Kato and M. Hirano},
   title = {},
   journal = {J. Am. Ceram. Soc.},
   year = 1995,
   volume = 78,
   pages = 2259,
}
@ARTICLE{ABE89,
  author = {A. Abe and T. Yamazaki},
  year = 1989,
  title = {},
  journal = {Macromolecules},
  volume = 22,
  pages = 2145,
}
@ARTICLE{ADAMS98,
	  author = {M. Adams and S. Fraden},
  year = 1998,
  title = {},
  journal = {Biophysical Journal},
  volume = 74,
  pages = 669,
}
@ARTICLE{ADAMS98_2,
  author = {M. Adams and Z. Dogic and S.L. Keller and S. Fraden},
  year = 1998,
  title = {},
  journal = {Nature},
  volume = 393,
  pages = 349,
}
@ARTICLE{fraden-tmv,
  author = {S. Fraden},
  year = 1998,
  title = {},
  journal = {Nature},
  volume = 393,
  pages = 349,
}
@ARTICLE{ALDER68,
  author = {B.J. Alder and W.G. Hoover and D.A. Young},
  year = 1968,
  title = {},
  journal = {J. Chem. Phys.},
  volume = 49,
  pages = 3688,
}
@BOOK{ALLEN87,
  author = {M.P. Allen and D.J. Tildesley},
  year = 1987,
 title = {Computer simulation of liquids},
  booktitle = {Computer simulation of liquids},
  publisher = {Clarendon},
  address = {Oxford}
}
@ARTICLE{ANDERSEN76,
  author = {H.C. Andersen and D. Chandler and J.D. Weeks},
  year = 1976,
  title = {},
  journal = {Adv. Chem. Phys.},
  volume = 34,
  pages =105,
}
@ARTICLE{Vrijsediment,
  author = {A. Vrij},
  year = 1980,
  journal = {J. Chem. Phys.},
  volume = 72,
  pages =3735, 
}
@ARTICLE{ASHCROFT93,
  author = {N.W. Ashcroft},
  year = 1993,
  journal = {Nature},
  volume = 365,
  pages = 387,
}
@ARTICLE{ASHERIE96,
  author = {N. Asherie and A. Lomakin and G.B. Benedek},
  year = 1996,
  journal = {Phys. Rev. Lett.},
  volume = 77,
  pages = 4832,
}
@ARTICLE{ATTARD97,
  author = {P. Attard},
  year = 1997,
  title = {},
  journal = {J. Chem. Phys.},
  volume = 107,
  number = 8,
  pages = 3230,
}
@ARTICLE{AUVRAY81,
  author = {L. Auvray},
  year = 1981,
  title = {},
  journal = {J. Physique},
  volume = 42,
  pages = 79,
}
@ARTICLE{reichhardt-jam,
  author = {J. A. Drocco and M. B. Hastings and C. J. Olson-Reichhardt and C. Reichhardt},
  year = 2005,
  title = {},
  journal = {Phys. Rev. Lett.},
  volume = 95,
  pages = 088001,
}
@ARTICLE{reichhardt-crossover,
  author = {C. Reichhardt and C. J. Olson-Reichhardt},
  year = 2006,
  title = {},
  journal = {Phys. Rev. Lett.},
  volume = 96,
  pages = 028301,
}
@ARTICLE{yoshi-bursting,
  author = {N. Magome and H. Kitahata and M. Ichikawa and S. M. Nomura and K. Yoshikawa},
  year = 2002,
  title = {},
  journal = {Phys. Rev. E},
  volume = 65,
  pages = 045202,
}
@ARTICLE{tirado,
  author = {M. M. Tirado and J. G. de la Torre and C. L. Martinez},
  year = 1984,
  title = {},
  journal = {J. Chem. Phys.},
  volume = 81,
  pages = 2047,
}
@ARTICLE{furst-review,
  author = {E. M. Furst},
  year = 2005,
  title = {},
  journal = {Curr. Op. Colloid Interface Sci. },
  volume = 10,
  pages = 79,
}
@ARTICLE{gislerweitz-review,
  author = {T. Gisler and D. A. Weitz},
  year = 1998,
  title = {},
  journal = {Curr. Op.  Colloid Interface Sci. },
  volume = 3,
  pages = 586,
}
@ARTICLE{feneberg-cell,
  author = {W. Feneberg and M. Westphal and E. Sackmann},
  year = 2001,
  title = {},
  journal = {Eur. Biophys. J.},
  volume = 30,
  pages = 284,
}
@ARTICLE{bustamante-review,
  author = {C. Bustamante},
  year = 2005,
  title = {},
  journal = {FEBS Journal},
  volume = 272,
  pages = 337,
}
@ARTICLE{meiners,
  author = {J. C. Meiners and S. R. Quake},
  year = 2000,
  title = {},
  journal = {Phys. Rev. Lett.},
  volume = 84,
  pages = 5014,
}
@ARTICLE{jayaraman,
  author = {A. Jayaraman and A. Belmonte},
  year = 2003,
  title = {},
  journal = {Phys. Rev. E},
  volume = 67,
  pages = 065301,
}
@ARTICLE{xupalmer,
  author = {J. Y. Xu and A. Palmer and D. Wirtz},
  year = 1998,
  title = {},
  journal = {Macromolecules},
  volume = 31,
  pages = 6486,
}
@ARTICLE{meyerfurst,
  author = {A. Meyer and A. Marshall and B. G. Bush and E. M. Furst},
  year = 2006,
  title = {},
  journal = {J. Rheol.},
  volume = 50,
  pages = 77,
}
@ARTICLE{carpenbrady,
  author = {I. C. Carpen and J. F. Brady},
  year = 2005,
  title = {},
  journal = {J. Rheol.},
  volume = 49,
  pages = 1483,
}
@ARTICLE{habdasweeks,
  author = {P. Habdas and D. Schaar and A. C. Levitt and E. R. Weeks},
  year = 2004,
  title = {},
  journal = {Europhys. Lett.},
  volume = 67,
  pages = 477,
}
@ARTICLE{bartlett-cluster,
  author = {R. Sanchez and P. Bartlett},
  year = 2005,
  title = {},
  journal = {J. Phys.: Condens. Matter},
  volume = 17,
  pages = S3551,
}
@ARTICLE{stradner-cluster,
  author = {A. Stradner and H. Sedgwick and F. Cardinaux and W. C. K. Poon and S. U. Egelhaaf and P. Schurtenberger},
  year = 2004,
  title = {},
  journal = {Nature},
  volume = 432,
  pages = 492,
}
@ARTICLE{sciortino-cluster,
  author = {F. Sciortino and S. Mossa and E. Zacarelli and P. Tartaglia},
  year = 2004,
  title = {},
  journal = {Phys. Rev. Lett.},
  volume = 93,
  pages = 055701,
}
@Article{Cleaver,
  author = 	 {A. Chrzanowska and  P. I. C. Teixeira and H. Ehrentraut and D. J. Cleaver},
  title = 	 {},
  journal = 	 {J. Phys.: Condens. Matter},
  year = 	 {2001},
  volume = 	 {13},
  pages = 	 {4715},
}
@Article{Kim,
  author = 	 {K. Kim and Y. Nakayama and R. Yamamoto},
  title = 	 {},
  journal = 	 {Phys. Rev. Lett.},
  year = 	 {2006},
  volume = 	 {96},
  pages = 	 {208302},
}
@Article{Blaaderen,
  author = 	 {C. P. Royall and J. Dzubiella and M. Schmidt and A. van Blaaderen},
  title = 	 {},
  journal = 	 {Phys. Rev. Lett.},
  year = 	 {2007},
  volume = 	 {98},
  pages = 	 {188304},
}
@Article{Ajdari,
  author = 	 {D. Long and A. Ajdari},
  title = 	 {},
  journal = 	 {Eur. Phys. J. E},
  year = 	 {2001},
  volume = 	 {4},
  pages = 	 {29},
}
@Article{Loewen1,
  author = 	 {H. L{\"{o}}wen},
  title = 	 {},
  journal = 	 {Phys. Rev. E},
  year = 	 {1994},
  volume = 	 {50},
  pages = 	 {1232},
}
@ARTICLE{Loewen2,
   author =      {T. Kirchhoff and H. L{\"{o}}wen and R. Klein},
   title =       {},
   journal =     {Phys. Rev. E},
   year =        {1996},
   volume =      {53},
   pages =       {5011},
}
@InProceedings{Tokuyama,
  author = 	 {H. L{\"{o}}wen and C. N. Likos and R. Blaak and S. Auer and V. Froltsov and J. Dzubiella and A. Wysocki and H. M. Harreis},
  booktitle  =   {AIP Conference Proceedings},
  title =        {Colloidal suspensions driven by external fields},
  pages = 	 {3},
  year = 	 {2004},
  editor = 	 {M. Tokuyama and I. Oppenheim},
  volume = 	 {708},
}
@ARTICLE{Erbe,
   author =      {M. K{\"{o}}ppl and P. Henseler and A. Erbe and P. Nielaba and P. Leiderer},
   title =       {},
   journal =     {Phys. Rev. Lett.},
   year =        {2006},
   volume =      {97},
   pages =       {208302},
}
@ARTICLE{HLreview,
   author =      {H. L{\"{o}}wen},
   title =       {},
   journal =     {J. Phys.: Condens. Matter},
   year =        {2001},
   volume =      {13},
   pages =       {R415},
}
@ARTICLE{Leunissen,
   author =      {M. E. Leunissen and C. G. Christova and A. P. Hynninen and C. P. Royall and A. I. Campbell and A. Imhof and R. van Roij and A. van Blaaderen},
   title =       {},
   journal =     {Nature},
   year =        {2005},
   volume =      {437},
   pages =       {235},
}
@ARTICLE{Netz,
   author =      {R. R. Netz},
   title =       {},
   journal =     {Europhys. Lett.},
   year =        {2003},
   volume =      {63},
   pages =       {616},
}
@ARTICLE{Helbing,
   author =      {R. Jiang and D. Helbing and P. K. Shukla and Q. S. Wu},
   title =       {},
   journal =     {Physica A},
   year =        {2006},
   volume =      {368},
   pages =       {567},
}
@ARTICLE{Reichhardt,
   author =      {C. Reichhardt and C. J. Olson-Reichhardt},
   title =       {},
   journal =     {Phys. Rev. E},
   year =        {2006},
   volume =      {74},
   pages =       {011403},
}
@ARTICLE{Wensinklowen,
   author =      {H. H. Wensink and H. L{\"{o}}wen},
   title =       {},
   journal =     {Phys. Rev. Lett.},
   year =        {2006},
   volume =      {97},
   pages =       {038303},
}
@ARTICLE{Dzubiella2002,
   author =      {J. Dzubiella and G. P. Hoffmann and H. L{\"{o}}wen},
   title =       {},
   journal =     {Phys. Rev. E},
   year =        {2002},
   volume =      {65},
   pages =       {021402},
}
@ARTICLE{Joe5,
   author =      {J. Dzubiella and H. L{\"{o}}wen},
   title =       {},
   journal =     {J. Phys.: Condens. Matter},
   year =        {2002},
   volume =      {14},
   pages =       {9383},
}
@ARTICLE{Joe2,
   author =      {H. L{\"{o}}wen and J. Dzubiella},
   title =       {},
   journal =     {Faraday Dicussions},
   year =        {2003},
   volume =      {123},
   pages =       {99},
}
@ARTICLE{Adam,
   author =      {A. Wysocki and H. L{\"{o}}wen },
   title =       {},
   journal =     {J. Phys.: Condens. Matter},
   year =        {2004},
   volume =      {16},
   pages =       {7209},
}
@ARTICLE{Jay2,
   author =      {J. Chakrabarti and J. Dzubiella and H. L{\"{o}}wen},
   title =       {},
   journal =     {Europhys. Lett.},
   year =        {2003},
   volume =      {61},
   pages =       {415},
}
@ARTICLE{Jay1,
   author =      {J. Chakrabarti and J. Dzubiella and H. L{\"{o}}wen},
   title =       {},
   journal =     {Phys. Rev. E},
   year =        {2004},
   volume =      {70},
   pages =       {012401},
}
@ARTICLE{Farkas,
   author =      {D. Helbing and I. J. Farkas and T. Viscek},
   title =       {},
   journal =     {Phys. Rev. Lett.},
   year =        {2000},
   volume =      {84},
   pages =       {1240},
}
@Article{Yeomans,
  author = 	 {J. M. Yeomans},
  title = 	 {},
  journal = 	 {Physica A},
  year = 	 {2006},
  volume = 	 {369},
  pages = 	 {159},
}
@Article{Padding,
  author = 	 {J. T. Padding and  A. A. Louis},
  title = 	 {},
  journal = 	 {Phys. Rev. E},
  year = 	 {2006},
  volume = 	 {74},
  pages = 	 {031402},
}
@Article{Coveney,
  author = 	 {J. Harting and J. Chin and M. Venturoli and P. V. Coveney},
  title = 	 {},
  journal = 	 {Phil. Trans. R. Soc. A},
  year = 	 {2005},
  volume = 	 {363},
  pages = 	 {1895},
}
@Article{Tanaka,
  author = 	 {H. Tanaka and T. Araki},
  title = 	 {},
  journal = 	 {Chem. Eng. Sci.},
  year = 	 {2006},
  volume = 	 {61},
  pages = 	 {2108},
}
@Article{Frey,
  author = 	 {E. Frey and K. Kroy},
  title = 	 {},
  journal = 	 {Ann. Phys. (Leipzig)},
  year = 	 {2005},
  volume = 	 {14},
  pages = 	 {20},
}
@Article{dendrimers1,
  author = 	 {C. N. Likos and M. Schmidt and  H. L{\"o}wen and M. Ballauff and  D. P{\"o}tschke and P. Lindner},
  title = 	 {},
  journal = 	 {Macromolecules},
  year = 	 {2001},
  volume = 	 {34},
  pages = 	 {2914},
}
@Article{dendrimers2,
  author = 	 {C.~N.~Likos and S.~Rosenfeldt and N.~Dingenouts and M.~Ballauff and P.~Lindner and  N.~Werner and F.~V{\"o}gtle},
  title = 	 {},
  journal = 	 {J.~Chem.~Phys.},
  year = 	 {2002},
  volume = 	 {117},
  pages = 	 {1869},
}
@Article{dendrimers3,
  author = 	 {I.~O.~G{\"o}tze and  H.~M.~Harreis and C.~N.~Likos},
  title = 	 {},
  journal = 	 {J. Chem. Phys.},
  year = 	 {2004},
  volume = 	 {120},
  pages = 	 {7761},
}
@Article{Frenkelscience,
  author = 	 {D. Frenkel},
  title = 	 {},
  journal = 	 {Science},
  year = 	 {2006},
  volume = 	 {314},
  pages = 	 {768},
}
@Article{	  Cluster,
  author	= "C. N. Likos and A. Lang and M. Watzlawek and    H. L{\"{o}}wen",
  journal	= "Phys. Rev. E",
  volume	= "63",
  pages		= "031206",
  year		= "2001"
}
@Article{Gauss0,
  author = 	 {F. H. Stillinger},
  title = 	 {},
  journal = 	 {J. Chem. Phys.},
  year = 	 {1976},
  volume = 	 {65},
  pages = 	 {3968},
}
@Article{Gauss1,
  author = 	 {F. H. Stillinger and T. A. Weber},
  title = 	 {},
  journal = 	 {J. Chem. Phys.},
  year = 	 {1979},
  volume = 	 {70},
  pages = 	 {4879},
}
@Article{Gauss2,
  author	= "A. Lang and C. N. Likos and M. Watzlawek and  H. L{\"{o}}wen",
  journal	= "J. Phys.: Condens. Matter",
  volume	= "12",
  pages		= "5087",
  year		= "2000"
}
@Article{Gauss4,
  author = 	 {S. Prestipino and F. Saija and P. V. Giaquinta},
  title = 	 {},
  journal = 	 {Phys. Rev. E},
  year = 	 {2005},
  volume = 	 {71},
  pages = 	 {050102},
}
@Article{Gauss3,
  author = 	 {A. A. Louis and P. G. Bolhuis and J. P. Hansen},
  title = 	 {},
  journal = 	 {Phys. Rev. E},
  year = 	 {2000},
  volume = 	 {62},
  pages = 	 {7961},
}
@Article{Saija,
  author = 	 {S. Prestipino and F. Saija},
  title = 	 {},
  journal = 	 {J. Chem. Phys.},
  year = 	 {2007},
  volume = 	 {126},
  pages = 	 {194902},
}
@Article{Mladek,
  author = 	 {B. M.  Mladek and D. Gottwald and G. Kahl and M. Neumann and C. N. Likos},
  title = 	 {},
  journal = 	 {Phys. Rev. Lett.},
  year = 	 {2006},
  volume = 	 {96},
  pages = 	 {045701},
}
@Article{likoscpc,
  author = 	 {C. N. Likos and  B. M.  Mladek and A. J. Moreno and D. Gottwald and G. Kahl},
  title = 	 {},
  journal = 	 {to be published},
  year = 	 {2007},
  volume = 	 {},
  pages = 	 {},
}
@Article{Louis,
  author = 	 {A. A. Louis and P. G. Bolhuis and J. P. Hansen},
  title = 	 {},
  journal = 	 {Phys. Rev. Lett.},
  year = 	 {2000},
  volume = 	 {85},
  pages = 	 {2522},
}
@Article{LowenSzamel,
  author = 	 {H. L{\"o}wen and G. Szamel},
  title = 	 {},
  journal = 	 {J. Phys.: Condens. Matter},
  year = 	 {1993},
  volume = 	 {5},
  pages = 	 {2295},
}
@Article{Medina-Noyola,
  author = 	 {M. Medina-Noyola},
  title = 	 {},
  journal = 	 {Phys. Rev. Lett.},
  year = 	 {1988},
  volume = 	 {60},
  pages = 	 {2705},
}
@Article{Mausbach,
  author = 	 {P. Mausbach and H. O. May},
  title = 	 {},
  journal = 	 {Fluid Phase Eq.},
  year = 	 {2006},
  volume = 	 {249},
  pages = 	 {17},
}
@Article{	  rexwensink,
  author	= "M. Rex and H. H. Wensink and H. L{\"{o}}wen",
  journal	= "Phys. Rev. E",
  volume	= "76",
  pages		= "021403",
  year		= "2007"
}

@Article{	  wensinkyuk,
  author	= "H. H. Wensink",
  journal	= "J. Chem. Phys.",
  volume	= "126",
  pages		= "194901",
  year		= "2007"
}


@Article{	  wensinkjackson,
  author	= "H. H. Wensink and G. Jackson",
  journal	= "J. Chem. Phys.",
  volume	= "130",
  pages		= "234911",
  year		= "2009"
}



@Article{ durlofsky,
author  = "L. Durlofsky and John F. Brady and Georges Bossis",
journal = "J. Fluid Mech.",
year    = "1987",
volume  = "180",
pages   = "21-49"
}


@Article{ Vicsek,
author  = "T. Vicsek and A. Czirok and  E. Ben-Jacob and I. Cohen and O. Shochet",
journal = "Phys. Rev. Lett.",
year    = "1995",
volume  = "75",
pages   = "1226"
}


@Article{ Levine,
author  = "H. Levine and W.-J. Rappel and I. Cohen",
journal = "Phys. Rev. E",
year    = "2000",
volume  = "63",
pages   = "017101"
}


@Article{Ramaswamy,
author  = "R. A. Simha and S. Ramaswamy",
journal = "Phys. Rev. Lett.",
year    = "2002",
volume  = "89",
pages   = "058101"
}


@Article{Orsogna,
author  = "M. R. D'Orsogna and Y. L. Chuang and A. L. Bertozzi and L. S. Chayes",
journal = "Phys. Rev. Lett.",
year    = "2006",
volume  = "96",
pages   = "104302"
}


@Article{Bar,
author  = "F. Peruani and A. Deutsch and M. B{\"{a}}r",
journal = "Phys. Rev. E",
year    = "2006",
volume  = "74",
pages   = "030904"
}


@Article{Chate,
author  = "H. Chat\'e and F. Ginelli and R. Montagne",
journal = "Phys. Rev. Lett.",
year    = "2006",
volume  = "96",
pages   = "180602"
}



@Article{Saintillan,
author  = "D. Saintillan and M. J. Shelley",
journal = "Phys. Rev. Lett.",
year    = "2007",
volume  = "99",
pages   = "058102"
}


@Article{Narayan,
author  = "V. Narayan and S. Ramaswamy and N. Menon",
journal = "Science",
year    = "2007",
volume  = "317",
pages   = "105"
}

@Article{marenduzzoyeomans,
author  = "D. Marenduzzo and E. Orlandini and J. M. Yeomans",
journal = "Phys. Rev. Lett.",
year    = "2007",
volume  = "98",
pages   = "118102"
}


@Article{Pagonabarraga,
author  = "S. Ramachandran and  P. B. Sunil Kumar and I. Pagonabarraga",
journal = "Eur. Phys. J. E",
year    = "2006",
volume  = "20",
pages   = "151"
}


@Article{Hernandez,
author  = "J. P. Hernandez-Ortiz and C. G. Stoltz and M. D. Graham",
journal = "Phys. Rev. Lett.",
year    = "2005",
volume  = "95",
pages   = "204501"
}


@Article{Sokolov,
author  = "A. Sokolov and I. S. Aranson and J. O. Kessler and R. E. Goldstein",
journal = "Phys. Rev. Lett.",
year    = "2007",
volume  = "98",
pages   = "158102"
}


@Article{dhontbriels,
author  = "J. K. G. Dhont and W. J. Briels",
journal = "J. Chem. Phys.",
year    = "2003",
volume  = "118",
pages   = "1466"
}


@Article{Baskaran,
author  = "A. Baskaran and M. C. Marchetti",
journal = "Phys. Rev. E",
year    = "2008",
volume  = "77",
pages   = "011920"
}



@Misc{Kudrolli,
author  = "A. Kudrolli and G. Lumay and D. Volfson and L. S. Tsimring",
howpublished = "preprint http://arxiv.org/abs/0710.5101",
year    = "2007"
}


@Article{Dreyfusbibette,
author  = "R. Dreyfus and J. Baudry and M. L.  Roper and  M. Fermigier and 
H. A. Stone and J. Bibette",
journal = "Nature",
year    = "2005",
volume  = "437",
pages   = "862"
}


@Article{Tonertu,
author  = "J. Toner and Y. Tu",
journal = "Phys. Rev. Lett.",
year    = "1995",
volume  = "75",
pages   = "4326"
}
@Article{straleychiral,
author  = "J. P. Straley",
journal = "Phys. Rev. A",
year    = "1976",
volume  = "14",
pages   = "1835"
}



@Article{stecki1,
author  = "A. Poniewierski and J. Stecki",
journal = "Mol. Phys.",
year    = "1979",
volume  = "38",
pages   = "1931"
}



@Article{stecki2,
author  = "J. Stecki and A. Poniewierski",
journal = "Mol. Phys.",
year    = "1980",
volume  = "41",
pages   = "1451"
}



@Article{odijkchiral,
author  = "T. Odijk",
journal = "J. Phys. Chem. ",
year    = "1987",
volume  = "91",
pages   = "6060"
}

@Article{allenevans,
author  = "M. P. Allen and G. T. Evans and D. Frenkel and B. M. Mulder",
journal = "Adv. Chem. Phys. ",
year    = "1993",
volume  = "86",
pages   = "1"
}

@PHDThesis{francomelgarthesis,
   author = {M. Franco-Melgar},
   title = {},
    year = 2006,
   school = {Imperial College London},
}

@Article{francomelgar,
author  = "M. Franco-Melgar and A. J. Haslam and G. Jackson",
journal = "Mol. Phys.",
year    = "2008",
volume  = "106",
pages   = "649"
}




@Article{gelbartbaron,
author  = "W. M. Gelbart and B. A. Baron",
journal = "J. Chem. Phys.",
year    = "1977",
volume  = "66",
pages   = "207"
}

@Article{gelbart,
author  = "W. M. Gelbart and A. Ben-Shaul",
journal = "J. Chem. Phys.",
year    = "1982",
volume  = "77",
pages   = "916"
}


@Article{goossens,
author  = "W. J. A. Goossens",
journal = "Mol. Cryst. Liq. Cryst.",
year    = "1971",
volume  = "12",
pages   = "237"
}

@Article{kimura,
author  = "H. Kimura and M. Hosino and H. Nakano",
journal = "J.  Phys. Colloques ",
year    = "1979",
volume  = "40",
pages   = "174"
}

@Article{kimura2,
author  = "H. Kimura and M. Hosino and H. Nakano",
journal = "J.  Phys. Soc. Jpn.",
year    = "1982",
volume  = "51",
pages   = "1584"
}



@Article{frank,
author  = "F. C. Frank",
journal = "Discuss. Faraday Soc.",
year    = "1958",
volume  = "25",
pages   = "19"
}

@Article{pindak,
author  = "R. S. Pindak and C. -C. Hang and J. T. Ho",
journal = "Phys. Rev. Lett.",
year    = "1974",
volume  = "32",
pages   = "43"
}



@Article{degennes-elastic,
author  = "P. G. de Gennes",
journal = "Mol. Cryst. Liq. Cryst.",
year    = "1973",
volume  = "21",
pages   = "49"
}

@Article{sikora,
author  = "A. Sikora and T. A. Siromyatnikova and B. M. Ginzburg and Y. A. Alumyan and A. A. Shepelevskii and S. Ya. Frenkel",
journal = "Makromol. Chem.",
year    = "1988",
volume  = "189",
pages   = "201"
}



@Article{uematsu,
author  = "I. Uematsu and Y. Uematsu",
journal = "Adv. Pol. Sci.",
year    = "1984",
volume  = "59",
pages   = "37"
}


@Article{tombolatoferrarini,
author  = "F. Tombolato and A. Ferrarini",
journal = "J. Chem. Phys.",
year    = "2005",
volume  = "122",
pages   = "054908"
}

@Article{tombolato-grelet,
author  = "F. Tombolato and A. Ferrarini and E. Grelet",
journal = "Phys. Rev. Lett.",
year    = "2006",
volume  = "96",
pages   = "258302"
}



@Article{kornyshevleikin-pitch,
author  = "A. A. Kornyshev and S. Leikin and S. V. Malinin",
journal = "Eur. Phys. J. E",
year    = "2002",
volume  = "7",
pages   = "83"
}


@Article{parsegian-podgornik,
author  = "H. H. Strey and R. Podgornik and D. C. Rau and V. A. Parsegian",
journal = "Curr. Opin. Struct. Biol. ",
year    = "1998",
volume  = "3",
pages   = "534"
}



@Article{kornyshevleikin-chiral,
author  = "A. A. Kornyshev and S. Leikin",
journal = "J. Chem. Phys.",
year    = "1997",
volume  = "107",
pages   = "3656"
}

@Article{kornyshevleikin-chiral-err,
author  = "A. A. Kornyshev and S. Leikin",
journal = "J. Chem. Phys.",
year    = "1997",
volume  = "107",
pages   = "3656"
}


@Article{kornyshevleikin-prl,
author  = "A. A. Kornyshev and S. Leikin",
journal = "Phys. Rev. Lett.",
year    = "2000",
volume  = "84",
pages   = "2537"
}



@Article{allenmasters,
author  = "M. P. Allen and A. J. Masters",
journal = "Mol. Phys.",
year    = "1993",
volume  = "79",
pages   = "277"
}

@Article{tjiptoelastic,
author  = "B. T. Tjipto-Margo and G. T. Evans and M. P. Allen and D. Frenkel",
journal = "J. Phys. Chem.",
year    = "1992",
volume  = "96",
pages   = "3942"
}


@INCOLLECTION{dupresamulski,
  author = {D. B. DuPr\'{e} and E. T. Samulski},
  title = {},
  booktitle = {Liquid Crystals: the Fourth State of Matter},
  editor = {F. D. Saeva},
  publisher = {Dekker},
  address = {New York},
  year={1979}
}





@Article{sato-teramoto,
author  = "T. Sato and A. Teramoto",
journal = "Adv. Polym. Sci.",
year    = "1996",
volume  = "126",
pages   = "85"
}

@Article{sato-sato,
author  = "T. Sato and Y. Sato and Y. Umemura and A. Teramoto and Y. Nagamura and J. Wagner and D. Weng and  Y. Okamoto and K. Hatada and M. M. Green", 
journal = "Macromolecules",
year    = "1993",
volume  = "26",
pages   = "4551"
}




@article{dogic-fraden_chol,
        author = {Dogic, Z.  and Fraden, S. },
        citeulike-article-id = {3646654},
        journal = {Langmuir},
        pages = {7820},
        priority = {2},
        title = {Cholesteric Phase in Virus Suspensions - Langmuir (ACS 
Publications)},
        volume = {16},
        year = {2000}
}




@article{fradenpurdy_chol,
        author = {Purdy, Kirstin  R.  and Fraden, Seth  },
        citeulike-article-id = {3646580},
        journal = {Phys. Rev. E},
        number = {6},
        posted-at = {2008},
        priority = {2},
        publisher = {APS},
        title = {Isotropic-cholesteric phase transition of filamentous 
virus suspensions as a function of rod length and charge},
        volume = {70},
        year = {2004}
}


@Article{yu-dna,
author  = "Yu. M. Yevdokimov and S. G. Skuridin and V. I. Salyanov",
journal = "Liq. Cryst.",
year    = "1988",
volume  = "3",
pages   = "1443"
}


@Article{rill-dna,
author  = "D. H. van Winkle and M. W. Davidson and W. X. Chen and R. L. Rill",
journal = "Macromolecules",
year    = "1990",
volume  = "23",
pages   = "4140"
}


@Article{miller-cellulose,
author  = "A. F. Miller and A. M. Donald",
journal = "Biomacromolecules",
year    = "2003",
volume  = "4",
pages   = "510"
}





@Article{coates,
author  = "D. Coates and  G. W. Gray",
journal = "Mol. Cryst. Liq. Cryst.",
year    = "1973",
volume  = "24",
pages   = "163"
}




@Article{gray-cellulose,
author  = "R. S. Werbowyj and D. G. Gray",
journal = "Mol. Cryst. Liquid Cryst.",
year    = "1976",
volume  = "34",
pages   = "97"
}






@Article{yoshiba-sato,
author  = "K. Yoshiba and A. Teramoto and N. Nakamura and T. Sato",
journal = "Macromolecules",
year    = "2003",
volume  = "36",
pages   = "2108"
}


@Article{dong-gray-cellulose,
author  = "X. -M. Dong and D. G. Gray",
journal = "Langmuir",
year    = "1997",
volume  = "13",
pages   = "2404"
}

@Article{strey-dna,
author  = "C. B. Stanley and H. Hong and H. H. Strey",
journal = "Biophys. J.",
year    = "2005",
volume  = "89",
pages   = "2552"
}

@Article{robinson-pblg,
author  = "C. Robinson",
journal = "Tetrahedron",
year    = "1961",
volume  = "13",
pages   = "219"
}

@Article{pelcovits,
author  = "R. A. Pelcovits",
journal = "Liq. Cryst.",
year    = "1996",
volume  = "21",
pages   = "361"
}

@INCOLLECTION{meervertogen,
  author = {B. W. van der Meer and G. Vertogen},
  title = {},
  booktitle = {The Molecular Physics of Liquid Crystals},
  editor = {G. R. Luckhurst and G. W. Gray},
  publisher = {Academic Press},
  address = {New York},
  year = {1979}
}

@Article{kimura-hosino,
author  = "H. Kimura and M. Hosino and H. Nakano",
journal = "J. Phys. Soc. Jpn",
year    = "1982",
volume  = "51",
pages   = "1584"
}

@Article{harris-kamien,
author  = "A. B. Harris and R. D. Kamien and T. C. Lubensky",
journal = "Phys. Rev. Lett.",
year    = "1997",
volume  = "78",
pages   = "1476"
}

@Article{harris-rmp,
author  = "A. B. Harris and R. D. Kamien and T. C. Lubensky",
journal = "Rev. Mod. Phys.",
year    = "1999",
volume  = "71",
pages   = "1745"
}



@Article{lin-liu76,
author  = "Y. R. Lin-Liu and Y. M. Shih and C. W. Woo and H. T. Tan",
journal = "Phys. Rev. A",
year    = "1976",
volume  = "14",
pages   = "445"
}



@Article{lin-liu77,
author  = "Y. R. Lin-Liu and Y. M. Shih and C. W. Woo",
journal = "Phys. Rev. A",
year    = "1977",
volume  = "15",
pages   = "2550"
}


@Article{lin-liu83,
author  = "Y. R. Lin-Liu and M. A. Lee",
journal = "Phys. Rev. A",
year    = "1977",
volume  = "28",
pages   = "2580"
}


@Article{vandermeer,
author  = "B. W. van der Meer",
journal = "Phys. Lett. A",
year    = "1976",
volume  = "59",
pages   = "279"
}




@Article{tuinier-taniguchi,
author  = "R. Tuinier and T. Taniguchi and H. H. Wensink",
journal = "Eur. Phys. J. E",
year    = "2007",
volume  = "23",
pages   = "355"
}

@Article{reinitzer1888,
author  = "F. Reinitzer",
journal = "Monatsh. Chem.",
year    = "1888",
volume  = "9",
pages   = "421"
}


@Article{lehmann1889,
author  = "O. Z. Lehmann",
journal = "Phys. Chem. (Leipzig)",
year    = "1889",
volume  = "4",
pages   = "462"
}


@Article{hu,
author  = "L. Hu and Y. Jiang and T. D. Lee and R. Tao",
journal = "Phys. Rev. E",
year    = "1998",
volume  = "57",
pages   = "4289"
}

@Article{osipov,
author  = "M. A. Osipov and H.-G. Kuball",
journal = "Eur. Phys. J. E",
year    = "2001",
volume  = "5",
pages   = "589"
}


@Article{kapanowski,
author  = "A. Kapanowski",
journal = "Z. Naturforsch.",
year    = "2002",
volume  = "57A",
pages   = "105"
}


@Article{emelyanenko,
author  = "A. V. Emelyanenko",
journal = "Phys. Rev. E",
year    = "2003",
volume  = "67",
pages   = "031704"
}


@Article{priest,
author  = "R. G. Priest",
journal = "Phys. Rev. A",
year    = "1973",
volume  = "7",
pages   = "720"
}


@Article{steuer,
author  = "H. Steuer and S. Hess",
journal = "Phys. Rev. Lett.",
year    = "2005",
volume  = "94",
pages   = "027802"
}

@Article{vdmeerpostma,
author  = "B. W. van der Meer and F. Postma and A. J. Dekker and W. H. de Jeu",
journal = "Mol. Phys.",
year    = "1982",
volume  = "45",
pages   = "1227"
}

@Article{tomar,
author  = "S. Tomar and M. M. Green and L. A. Day",
journal = "J. Am. Chem. Soc.",
year    = "2007",
volume  = "129",
pages   = "3367"
}

@Article{harada,
author  = "T. Harada and P. Crooker",
journal = "Mol. Cryst. Liq. Cryst.",
year    = "1975",
volume  = "30",
pages   = "79"
}

@Article{durand,
author  = "G. Durand",
journal = "Comptes Rendus Acad. Sci.",
year    = "1967",
volume  = "B264",
pages   = "1251"
}

@Article{watanabe,
author  = "J. Watanabe and T. Nagase",
journal = "Macromolecules",
year    = "1988",
volume  = "21",
pages   = "171"
}



@Article{yamagishi,
author  = "T. Yamagishi and T. Fukada and T. Miyamoto and T. Ichizuka 
and J. Watanabe",
journal = "Liq. Cryst.",
year    = "1990",
volume  = "7",
pages   = "155"
}

@Article{sackmann,
author  = "E. Sackmann and S. Meiboom and L. C. Snyder and A. E. Meixner and R. E. Dietz",
journal = "J. Am. Chem. Soc.",
year    = "1968",
volume  = "90",
pages   = "3567"
}

@Article{saha,
author  = "J. Saha and M. Saha",
journal = "Mol. Sim.",
year    = "1997",
volume  = "19",
pages   = "227"
}

@Article{govers,
author  = "E. Govers and G. Vertogen",
journal = "Liq.  Cryst.",
year    = "1987",
volume  = "2",
pages   = "31"
}


@Article{jackson1986,
author  = "G. Jackson and J. S. Rowlinson and C. A. Leng",
journal = "J. Chem. Soc., Faraday Trans. 1",
year    = "1986",
volume  = "82",
pages   = "3461"
}


@Article{green,
author  = "D. G. Green and G. Jackson",
journal = "J. Chem. Phys.",
year    = "1992",
volume  = "97",
pages   = "8672"
}

@Article{archer,
author  = "A. L. Archer and M. D. Amos and  G. Jackson and I. A. McLure",
journal = "Int. J. Thermophys.",
year    = "1996",
volume  = "17",
pages   = "201"
}


@Article{galindo,
author  = "A. Galindo and P. J. Whitehead and G. Jackson and A. N. Burgess",
journal = "J. Phys. Chem.",
year    = "1996",
volume  = "100",
pages   = "6781"
}



@Article{garcialisbona,
author  = "M. N. Garcia-Lisbona and A. Galindo and G. Jackson and A. N. Burgess",
journal = "J. Am. Chem. Soc.",
year    = "1998",
volume  = "120",
pages   = "4191"
}

@Article{rowan-hansen-trizac,
author  = "D. G. Rowan and J.-P. Hansen and E. Trizac",
journal = "Mol. Phys.",
year    = "2000",
volume  = "98",
pages   = "1369"
}

@Article{trizac-weis,
author  = "E. Trizac and L. Bocquet and R. Agra and J.-J. Weis and M. Aubouy",
journal = "J. Phys.: Condens. Matt",
year    = "2002",
volume  = "14",
pages   = "9339"
}

@Article{duncan-masters,
author  = "P. D. Duncan and M. Dennison and A. J. Masters and M. R. Wilson",
journal = "Phys. Rev. E",
year    = "2009",
volume  = "79",
pages   = "031702"
}


@Article{pineiro,
author  = "M. M. Pi{\~{n}}eiro and A. Galindo and A. O. Parry",
journal = "Soft Matter",
year    = "2007",
volume  = "3",
pages   = "768"
}


@Article{mourad1,
author  = "M. C. D. Mourad and D.  V. Byelov and A. V. Petukhov and H. N. W. Lekkerkerker",
journal = "J. Phys.: Condens. Matt.",
year    = "2008",
volume  = "20",
pages   = "494201"
}


@Article{mourad2,
author  = "M. C. D. Mourad and J. E. G. J. Wijnhoven and  D. D. van 't Zand and D. van der Beek and H. N. W. 
Lekkerkerker",
journal = "Phil. Trans. R. Soc. A",
year    = "2006",
volume  = "364",
pages   = "2807"
}


@Article{vdbeek,
author  = "D. van der Beek and H. N. W. Lekkerkerker",
journal = "Langmuir",
year    = "2004",
volume  = "20",
pages   = "8582"
}


@Article{odriozola,
author  = "G. Odriozola and M. Romero-Bastida and F. de J. Guevara-Rodr{\'{i}}guez",
journal = "Phys. Rev. E",
year    = "2004",
volume  = "70",
pages   = "021405"
}


@Article{kutter,
author  = "S. Kutter and J.-P. Hansen and M. Sprik and E. Boek",
journal = "J. Chem. Phys.",
year    = "2000",
volume  = "112",
pages   = "311"
}


@Article{leger,
author  = "D. L{\'{e}}ger and D. Levesque",
journal = "J. Chem. Phys.",
year    = "2002",
volume  = "116",
pages   = "2251"
}

@Article{aharoni,
author  = "S. M. Aharoni",
journal = "Macromolecules",
year    = "1979",
volume  = "12",
pages   = "94"
}


@Article{watanabe-kamee,
author  = "J. Watanabe and H. Kamee and M. Fujiki",
journal = "Polym. J.",
year    = "2001",
volume  = "33",
pages   = "495"
}


@Article{barrybeller,
author  = "E. Barry and D. Beller and Z. Dogic",
journal = "Soft Matter",
year    = "2009",
volume  = "5",
pages   = "2563"
}



@INCOLLECTION{jakli,
  author = {A. J\'{a}kli and C. Bailey and J. Harden},
  title = {},
  booktitle = {Thermotropic Liquid Crystals},
  editor = {A. Ramamoorthi},
  publisher = {Springer},
  address = {Netherlands},
  year={2007},
  pages = 59	
}


@Article{chitin-revol,
author  = "J.-F. Revol and R. H. Marchessault",
journal = "Int. J. Biol. Macromol.",
year    = "1993",
volume  = "15",
pages   = "329"
}


@Article{orts-cellulose,
author  = "W. J. Orts and L. Godbout and R. H. Marchessault and J.-F. Revol",
journal = "Macromolecules",
year    = "1998",
volume  = "31",
pages   = "5717"
}

@Article{yi-grafted-cellulose,
author  = "J. Yi and Q. Xu and X. Zhang and H. Zhang",
journal = "Polymer",
year    = "2008",
volume  = "49",
pages   = "4406"
}



RUSHBROOKE, G. S., t940, Trans. Faraday Soc., 36, 1055.


@Article{rushbrooke-1940,
author  = "G. S. Rushbrooke",
journal = "Trans. Faraday. Soc.",
year    = "1940",
volume  = "36",
pages   = "1055"
}



@Article{rowlinson-1958,
author  = "J. S. Rowlinson",
journal = "Mol. Phys.",
year    = "1958",
volume  = "1",
pages   = "414"
}





